campaign_id,platform,campaign_name,start_date,end_date,impressions,clicks,conversions,cost,revenue,conversion_rate,ROI
1,Instagram,tellus nisi eu orci mauris lacinia sapien quis libero nullam,2/3/2020,11/23/2020,8329,15,332,6598.09,105467.06,22.1333333333,14.9844833884
2,LinkedIn,habitasse platea dictumst aliquam augue quam sollicitudin vitae consectetuer eget rutrum,12/3/2022,4/17/2022,4309,148,527,8268.97,69582.33,3.5608108108,7.4148727109
3,Twitter,id ligula suspendisse ornare consequat lectus in est risus auctor sed tristique,10/10/2020,2/26/2021,96104,8130,594,1369.16,2657.51,0.0730627306,0.9409784101
4,Facebook,vehicula consequat morbi a ipsum integer a nibh in quis justo maecenas,8/18/2022,9/27/2021,69684,4601,1000,6476.4,164359.05,0.2173440556,24.3781498981
5,Facebook,etiam pretium iaculis justo in hac habitasse platea dictumst etiam,9/6/2021,12/26/2020,11977,1546,100,280.02,126722.71,0.064683053,451.5487822298
6,Twitter,congue diam id ornare imperdiet sapien urna pretium nisl ut,2/23/2021,5/3/2022,87657,9891,355,3829.19,10039.46,0.0358912142,1.6218234144
7,LinkedIn,sit amet sapien dignissim vestibulum vestibulum ante ipsum primis in faucibus orci,12/1/2021,3/14/2021,998,709,23,8626.73,53746.95,0.0324400564,5.2302807669
8,LinkedIn,vulputate justo in blandit ultrices enim lorem ipsum dolor sit amet,8/1/2021,10/16/2020,72166,2057,522,70.37,24133.0,0.2537676228,341.9444365497
9,Instagram,montes nascetur ridiculus mus etiam vel augue vestibulum rutrum rutrum,12/7/2021,7/8/2020,26346,9532,791,1269.28,108036.97,0.0829836341,84.1167354721
10,Facebook,convallis eget eleifend luctus ultricies eu nibh quisque id justo sit,7/15/2021,6/20/2021,11856,8494,163,1712.47,86814.84,0.0191900165,49.6956851799
11,Facebook,maecenas ut massa quis augue luctus tincidunt nulla mollis molestie,2/13/2021,12/30/2020,22473,382,373,1607.46,68205.85,0.9764397906,41.4308225399
12,LinkedIn,luctus tincidunt nulla mollis molestie lorem quisque ut erat curabitur gravida,9/30/2021,4/21/2021,52729,19,661,3223.77,122281.06,34.7894736842,36.9310744873
13,Instagram,nulla quisque arcu libero rutrum ac lobortis vel dapibus at diam,5/15/2021,12/9/2021,29731,609,455,1751.66,28246.24,0.7471264368,15.1254124659
14,Facebook,vel sem sed sagittis nam congue risus semper porta volutpat quam,5/21/2020,1/11/2021,19562,1189,940,7038.99,52614.53,0.7905803196,6.4747271981
15,Instagram,vestibulum ante ipsum primis in faucibus orci luctus et ultrices,5/28/2020,11/2/2021,98830,3532,340,2716.73,116157.03,0.0962627407,41.7561921869
16,Instagram,id sapien in sapien iaculis congue vivamus metus arcu adipiscing molestie,5/12/2020,4/4/2020,49640,1217,490,7597.96,65263.01,0.4026294166,7.5895437723
17,LinkedIn,felis donec semper sapien a libero nam dui proin leo,4/13/2020,1/8/2022,80045,5010,701,9543.41,57823.37,0.1399201597,5.0589841577
18,Instagram,urna pretium nisl ut volutpat sapien arcu sed augue aliquam erat,8/31/2022,9/29/2020,87277,7518,837,1017.96,15101.38,0.1113328013,13.8349443986
19,Twitter,ac tellus semper interdum mauris ullamcorper purus sit amet nulla,3/8/2022,12/27/2021,16431,3021,427,3134.94,153584.9,0.1413439259,47.9913363573
20,Twitter,blandit ultrices enim lorem ipsum dolor sit amet consectetuer adipiscing,6/3/2021,5/13/2021,80940,8527,999,213.61,150845.61,0.1171572652,705.1729787931
21,Facebook,consectetuer eget rutrum at lorem integer tincidunt ante vel ipsum praesent,3/2/2020,9/19/2020,45520,4566,849,5338.71,127687.91,0.1859395532,22.9173714249
22,Facebook,at lorem integer tincidunt ante vel ipsum praesent blandit lacinia erat,3/19/2022,5/28/2020,28344,1115,276,9085.94,86484.16,0.2475336323,8.5184603904
23,Instagram,erat fermentum justo nec condimentum neque sapien placerat ante nulla justo aliquam,6/19/2022,5/28/2021,66449,7540,246,7125.19,112882.63,0.0326259947,14.8427536669
24,Twitter,condimentum neque sapien placerat ante nulla justo aliquam quis turpis eget,11/20/2022,11/10/2020,62349,8189,57,9321.0,138373.33,0.0069605568,13.8453309731
25,Twitter,ante ipsum primis in faucibus orci luctus et ultrices posuere cubilia,11/23/2022,2/10/2022,81330,1480,779,3127.25,123789.79,0.5263513514,38.5842321528
26,Twitter,a feugiat et eros vestibulum ac est lacinia nisi venenatis,8/2/2020,4/4/2022,8815,4705,151,8766.38,84379.95,0.0320935175,8.6254041007
27,Twitter,eu mi nulla ac enim in tempor turpis nec euismod scelerisque quam,8/6/2020,7/15/2021,42969,1248,740,8233.27,165829.42,0.5929487179,19.1413800349
28,Twitter,hac habitasse platea dictumst morbi vestibulum velit id pretium iaculis,7/23/2020,8/6/2021,96681,2787,87,5794.3,175330.86,0.0312163617,29.2591961065
29,Facebook,felis donec semper sapien a libero nam dui proin leo odio,5/13/2022,2/21/2021,3746,9766,537,6132.21,173276.79,0.0549866885,27.2568258426
30,LinkedIn,penatibus et magnis dis parturient montes nascetur ridiculus mus vivamus vestibulum,4/19/2022,7/10/2020,84796,8617,661,6488.81,1172.78,0.0767088314,-0.8192611588
31,Twitter,sed vestibulum sit amet cursus id turpis integer aliquet massa,10/28/2021,5/29/2022,34444,8642,665,9618.25,23667.13,0.0769497801,1.4606482468
32,Twitter,nulla ultrices aliquet maecenas leo odio condimentum id luctus nec,7/10/2021,5/16/2022,24078,8583,867,8471.73,122265.34,0.1010136316,13.4321573044
33,Instagram,nulla eget eros elementum pellentesque quisque porta volutpat erat quisque erat,7/3/2022,11/27/2022,44443,5102,414,9622.07,145513.7,0.0811446492,14.122910143
34,LinkedIn,venenatis tristique fusce congue diam id ornare imperdiet sapien urna pretium nisl,5/28/2020,1/21/2021,13947,8550,405,1206.63,126936.88,0.0473684211,104.1995060623
35,Facebook,lacus morbi sem mauris laoreet ut rhoncus aliquet pulvinar sed nisl nunc,5/5/2021,3/26/2022,35750,5798,25,8164.74,54622.93,0.0043118317,5.6901003584
36,Facebook,vestibulum sed magna at nunc commodo placerat praesent blandit nam nulla integer,5/18/2021,9/7/2022,60074,4421,864,1337.28,121977.23,0.195430898,90.2129322206
37,Facebook,cursus vestibulum proin eu mi nulla ac enim in tempor,8/21/2022,6/20/2021,50796,525,424,7536.35,18409.06,0.8076190476,1.4427023692
38,LinkedIn,vel est donec odio justo sollicitudin ut suscipit a feugiat et eros,5/31/2020,3/1/2022,32550,7205,968,3830.67,128174.37,0.134351145,32.4600396275
39,Twitter,ac tellus semper interdum mauris ullamcorper purus sit amet nulla quisque,6/17/2020,2/2/2022,90912,5097,389,5739.82,25567.48,0.0763194036,3.4544044935
40,Instagram,quis justo maecenas rhoncus aliquam lacus morbi quis tortor id,3/8/2021,10/29/2020,70966,510,22,2738.85,129973.13,0.0431372549,46.4553663034
41,LinkedIn,in lacus curabitur at ipsum ac tellus semper interdum mauris,8/24/2020,12/21/2022,16400,8056,11,4270.83,111962.45,0.0013654419,25.2156185098
42,LinkedIn,morbi non quam nec dui luctus rutrum nulla tellus in sagittis,4/21/2022,9/27/2020,98844,2506,452,1933.13,26610.82,0.1803671189,12.7656650096
43,Instagram,ultrices enim lorem ipsum dolor sit amet consectetuer adipiscing elit proin,8/16/2021,7/16/2020,26691,4919,190,8218.37,79420.97,0.0386257369,8.6638347994
44,Facebook,nec condimentum neque sapien placerat ante nulla justo aliquam quis turpis,3/9/2021,1/8/2022,80976,3040,149,7629.26,28705.27,0.0490131579,2.7625234951
45,Facebook,pellentesque quisque porta volutpat erat quisque erat eros viverra eget congue,1/30/2021,10/7/2022,3577,7954,600,4576.74,169662.58,0.075433744,36.0706179508
46,Instagram,nisi volutpat eleifend donec ut dolor morbi vel lectus in quam,3/8/2021,10/25/2020,79134,4277,33,6855.94,140362.87,0.0077156886,19.4731765447
47,Instagram,vitae consectetuer eget rutrum at lorem integer tincidunt ante vel ipsum,2/9/2021,9/4/2021,43446,4081,866,9924.9,21091.17,0.2122028914,1.1250763232
48,Facebook,molestie hendrerit at vulputate vitae nisl aenean lectus pellentesque eget nunc donec,11/18/2021,7/25/2022,88055,5428,983,3189.13,7154.53,0.1810980103,1.2434112125
49,Twitter,donec dapibus duis at velit eu est congue elementum in hac,4/21/2022,11/6/2020,86803,1785,883,5477.23,23237.22,0.4946778711,3.2425130951
50,Twitter,cursus id turpis integer aliquet massa id lobortis convallis tortor risus,8/17/2020,4/28/2022,46052,6453,581,5947.24,171682.77,0.0900356423,27.8676377614
51,LinkedIn,semper est quam pharetra magna ac consequat metus sapien ut nunc,7/28/2020,4/5/2022,27126,8218,839,2741.88,150093.47,0.1020929667,53.7410791136
52,Instagram,at nulla suspendisse potenti cras in purus eu magna vulputate luctus cum,7/16/2021,10/19/2021,8556,9314,653,6051.7,4508.21,0.0701095126,-0.2550506469
53,Twitter,ullamcorper purus sit amet nulla quisque arcu libero rutrum ac lobortis vel,8/22/2020,11/11/2021,70657,4447,335,2777.95,155491.74,0.0753316843,54.9735560395
54,LinkedIn,consequat in consequat ut nulla sed accumsan felis ut at dolor,10/31/2022,2/25/2020,39359,5578,430,5910.15,117571.12,0.0770885622,18.8930856239
55,Twitter,dapibus duis at velit eu est congue elementum in hac habitasse platea,2/25/2021,8/7/2020,9384,8466,947,4899.08,21148.79,0.1118592015,3.31689011
56,Facebook,suspendisse potenti in eleifend quam a odio in hac habitasse platea,12/29/2022,7/6/2020,27435,2331,298,6181.25,112164.6,0.1278421278,17.1459413549
57,LinkedIn,posuere nonummy integer non velit donec diam neque vestibulum eget,10/30/2020,1/6/2022,15206,4480,439,1199.11,97956.57,0.0979910714,80.691062538
58,Facebook,pellentesque volutpat dui maecenas tristique est et tempus semper est quam pharetra,1/5/2022,8/14/2022,67054,8376,732,6935.2,6212.4,0.0873925501,-0.1042219402
59,LinkedIn,ligula vehicula consequat morbi a ipsum integer a nibh in quis,9/4/2020,2/10/2022,34746,5514,464,5397.22,97829.0,0.0841494378,17.1258129185
60,Instagram,ipsum ac tellus semper interdum mauris ullamcorper purus sit amet nulla,5/7/2022,10/10/2022,66667,6223,106,295.25,7640.12,0.0170335851,24.8767823878
61,Instagram,duis bibendum morbi non quam nec dui luctus rutrum nulla,2/15/2020,2/19/2020,44010,2658,259,3377.89,165881.43,0.0974416855,48.1080023328
62,Instagram,nulla ac enim in tempor turpis nec euismod scelerisque quam turpis,6/27/2021,3/21/2022,99733,673,187,3549.12,39242.84,0.2778603269,10.0570620323
63,LinkedIn,odio justo sollicitudin ut suscipit a feugiat et eros vestibulum,1/22/2020,1/7/2022,19613,2711,487,6117.51,155393.02,0.1796385098,24.4013512033
64,Instagram,aliquam sit amet diam in magna bibendum imperdiet nullam orci pede venenatis,1/25/2021,11/1/2021,35900,5431,227,4789.29,79878.11,0.0417970908,15.6784867903
65,Instagram,sapien iaculis congue vivamus metus arcu adipiscing molestie hendrerit at vulputate vitae,10/4/2020,12/26/2021,56297,9173,319,9196.54,47996.52,0.034775973,4.2189758322
66,Facebook,molestie hendrerit at vulputate vitae nisl aenean lectus pellentesque eget nunc,8/16/2021,8/29/2020,36479,2533,669,4420.0,65564.32,0.2641136992,13.8335565611
67,Instagram,leo odio porttitor id consequat in consequat ut nulla sed accumsan,7/8/2022,10/21/2022,78654,7017,788,6286.01,113134.5,0.1122987031,16.9978237387
68,Instagram,ridiculus mus vivamus vestibulum sagittis sapien cum sociis natoque penatibus,10/26/2021,3/17/2021,13375,6935,698,4621.94,37195.85,0.1006488825,7.0476704587
69,LinkedIn,libero rutrum ac lobortis vel dapibus at diam nam tristique tortor,10/5/2020,1/31/2022,71550,3748,390,7525.8,25335.56,0.1040554963,2.3664939276
70,Instagram,consequat morbi a ipsum integer a nibh in quis justo maecenas rhoncus,9/12/2022,4/28/2021,46415,6722,739,7875.57,19075.89,0.1099375186,1.4221599199
71,Instagram,tempor turpis nec euismod scelerisque quam turpis adipiscing lorem vitae,12/3/2022,5/1/2022,33482,3087,830,7647.65,152247.18,0.2688694525,18.9077075965
72,Facebook,at nunc commodo placerat praesent blandit nam nulla integer pede,7/15/2021,9/25/2022,28045,5491,472,9205.53,1154.68,0.0859588417,-0.8745667007
73,Facebook,nisi venenatis tristique fusce congue diam id ornare imperdiet sapien,8/19/2021,8/8/2022,94046,1,489,5160.74,73776.03,489,13.2956300841
74,Facebook,nec nisi volutpat eleifend donec ut dolor morbi vel lectus in,6/19/2021,6/23/2020,14536,599,36,832.51,152138.97,0.0601001669,181.7473183505
75,Twitter,ipsum integer a nibh in quis justo maecenas rhoncus aliquam lacus,11/24/2021,2/27/2022,14262,1325,369,2531.99,116482.65,0.278490566,45.004387853
76,LinkedIn,pellentesque quisque porta volutpat erat quisque erat eros viverra eget,6/2/2020,1/24/2021,94886,4400,36,4092.29,25622.7,0.0081818182,5.2612131594
77,Instagram,quis justo maecenas rhoncus aliquam lacus morbi quis tortor id,11/10/2020,1/8/2020,19621,4008,545,3764.16,57678.39,0.1359780439,14.3230441852
78,Facebook,sapien urna pretium nisl ut volutpat sapien arcu sed augue aliquam,7/9/2021,10/17/2020,57296,1626,195,4412.81,96398.92,0.1199261993,20.8452459997
79,Instagram,vestibulum ante ipsum primis in faucibus orci luctus et ultrices,3/10/2020,11/5/2022,52674,3602,979,936.72,104999.31,0.2717934481,111.0925249808
80,Facebook,in blandit ultrices enim lorem ipsum dolor sit amet consectetuer,5/26/2021,5/12/2021,53605,9808,914,9896.28,162778.4,0.0931892333,15.4484432534
81,Twitter,dolor sit amet consectetuer adipiscing elit proin risus praesent lectus vestibulum quam,9/10/2020,3/2/2021,48419,8111,256,2477.22,65100.14,0.0315620762,25.2795149401
82,Twitter,viverra eget congue eget semper rutrum nulla nunc purus phasellus,5/8/2021,1/3/2022,73591,3313,650,2885.95,116340.18,0.1961968005,39.3126110986
83,Facebook,scelerisque quam turpis adipiscing lorem vitae mattis nibh ligula nec sem,9/17/2021,1/6/2021,48635,4757,932,2265.77,42552.2,0.1959217995,17.7804587403
84,Twitter,nulla integer pede justo lacinia eget tincidunt eget tempus vel,3/26/2021,10/14/2020,60372,9701,399,2198.19,107935.99,0.0411297804,48.1022113648
85,Facebook,amet cursus id turpis integer aliquet massa id lobortis convallis,9/14/2022,7/6/2020,80835,6042,291,9101.21,115287.14,0.04816286,11.6672321592
86,Facebook,ultrices phasellus id sapien in sapien iaculis congue vivamus metus arcu,5/24/2021,3/23/2020,9941,5231,555,487.46,9574.82,0.1060982604,18.6422680835
87,Facebook,eu interdum eu tincidunt in leo maecenas pulvinar lobortis est phasellus,10/4/2022,4/12/2020,19382,8233,296,3800.57,129370.53,0.0359528726,33.0397703502
88,Facebook,accumsan odio curabitur convallis duis consequat dui nec nisi volutpat eleifend donec,10/2/2022,8/15/2022,62580,8626,547,9830.2,149165.58,0.0634129376,14.1742161909
89,Instagram,odio odio elementum eu interdum eu tincidunt in leo maecenas pulvinar,12/30/2021,6/21/2021,20854,2983,598,713.6,175597.6,0.2004693262,245.0728699552
90,Facebook,adipiscing lorem vitae mattis nibh ligula nec sem duis aliquam convallis,3/10/2020,12/19/2020,72710,7580,590,5467.46,171282.8,0.0778364116,30.3276731791
91,LinkedIn,cum sociis natoque penatibus et magnis dis parturient montes nascetur ridiculus,6/25/2021,7/6/2020,2046,6374,564,3636.91,95062.37,0.0884844682,25.1382244818
92,Facebook,libero non mattis pulvinar nulla pede ullamcorper augue a suscipit nulla elit,3/24/2022,10/8/2021,23208,6630,755,9459.84,104806.77,0.1138763198,10.0791271311
93,Twitter,arcu sed augue aliquam erat volutpat in congue etiam justo,12/7/2022,9/21/2022,33844,6568,102,6335.19,151871.67,0.0155298417,22.9727095793
94,Facebook,justo sollicitudin ut suscipit a feugiat et eros vestibulum ac est lacinia,9/19/2022,12/9/2022,45772,2620,432,3215.8,69367.45,0.1648854962,20.5708221904
95,LinkedIn,etiam justo etiam pretium iaculis justo in hac habitasse platea dictumst,1/22/2021,7/7/2022,85070,9300,422,2443.5,145312.37,0.0453763441,58.4689461838
96,Twitter,sit amet turpis elementum ligula vehicula consequat morbi a ipsum integer,3/20/2021,11/1/2022,11329,1787,794,3767.77,60255.94,0.4443200895,14.9924676931
97,Twitter,lacus at velit vivamus vel nulla eget eros elementum pellentesque quisque,6/1/2021,6/14/2021,93522,7308,42,5362.95,56757.65,0.0057471264,9.583289048
98,LinkedIn,nulla neque libero convallis eget eleifend luctus ultricies eu nibh quisque id,8/2/2020,4/2/2022,23879,4201,122,5425.87,171647.27,0.0290407046,30.6349765107
99,LinkedIn,justo etiam pretium iaculis justo in hac habitasse platea dictumst,11/24/2021,6/6/2020,39229,6503,616,3433.04,3095.6,0.0947255113,-0.0982918929
100,Facebook,sit amet nulla quisque arcu libero rutrum ac lobortis vel dapibus at,5/30/2022,12/18/2022,39061,1817,922,4307.91,35549.15,0.5074298294,7.252064226
101,Twitter,curabitur at ipsum ac tellus semper interdum mauris ullamcorper purus,7/4/2021,9/13/2021,73953,5166,25,7124.64,119080.41,0.0048393341,15.713884491
102,LinkedIn,accumsan tortor quis turpis sed ante vivamus tortor duis mattis egestas metus,6/24/2020,11/2/2020,51394,7173,369,4851.48,25842.21,0.0514429109,4.326665265
103,LinkedIn,molestie hendrerit at vulputate vitae nisl aenean lectus pellentesque eget nunc,9/2/2021,11/4/2022,94961,2073,27,451.8,57066.74,0.013024602,125.3097388225
104,LinkedIn,justo morbi ut odio cras mi pede malesuada in imperdiet,10/1/2022,12/19/2020,55750,998,372,8704.56,121053.09,0.372745491,12.9068591635
105,Instagram,tellus nisi eu orci mauris lacinia sapien quis libero nullam sit amet,5/17/2020,8/26/2020,91059,5590,761,7702.49,145335.2,0.1361359571,17.8685996347
106,Instagram,consequat dui nec nisi volutpat eleifend donec ut dolor morbi vel lectus,7/20/2022,8/31/2020,87343,2340,401,2086.87,74918.95,0.1713675214,34.9001519021
107,Twitter,diam neque vestibulum eget vulputate ut ultrices vel augue vestibulum,10/26/2021,3/7/2020,59676,3842,822,3308.31,8050.22,0.2139510672,1.4333330311
108,Instagram,sed vel enim sit amet nunc viverra dapibus nulla suscipit ligula in,4/16/2022,7/25/2020,27326,3377,582,4964.44,100239.62,0.1723423157,19.1915261339
109,Instagram,mus vivamus vestibulum sagittis sapien cum sociis natoque penatibus et magnis,8/28/2021,1/26/2020,87635,7281,399,2647.17,60378.63,0.0548001648,21.8087466993
110,Instagram,adipiscing molestie hendrerit at vulputate vitae nisl aenean lectus pellentesque,11/5/2022,11/17/2022,68581,2533,515,3222.09,39568.61,0.2033162258,11.2804173689
111,Facebook,consectetuer adipiscing elit proin risus praesent lectus vestibulum quam sapien,9/20/2021,6/5/2020,87005,8319,864,6068.36,134293.24,0.1038586369,21.1300713867
112,LinkedIn,luctus et ultrices posuere cubilia curae nulla dapibus dolor vel est donec,1/26/2022,7/14/2022,34969,6213,368,9212.74,99276.83,0.0592306454,9.7760373135
113,Facebook,et commodo vulputate justo in blandit ultrices enim lorem ipsum dolor,1/2/2022,1/12/2020,87332,9655,134,9548.02,119365.68,0.0138788193,11.5016160419
114,Facebook,in hac habitasse platea dictumst maecenas ut massa quis augue,1/23/2020,7/12/2021,41888,4309,815,5567.73,34586.5,0.1891390114,5.2119571172
115,Facebook,at ipsum ac tellus semper interdum mauris ullamcorper purus sit amet nulla,3/7/2020,7/19/2020,80029,5832,300,5536.86,96198.81,0.0514403292,16.3742536383
116,Instagram,at ipsum ac tellus semper interdum mauris ullamcorper purus sit amet,12/8/2022,1/13/2022,51088,245,645,7883.18,169019.57,2.6326530612,20.4405316129
117,Twitter,ridiculus mus vivamus vestibulum sagittis sapien cum sociis natoque penatibus et,9/2/2021,6/12/2021,6257,4855,675,6788.89,7010.51,0.1390319258,0.0326445118
118,Twitter,vulputate justo in blandit ultrices enim lorem ipsum dolor sit amet consectetuer,1/12/2022,7/5/2020,69276,2639,995,5594.16,85329.48,0.3770367563,14.2533141705
119,LinkedIn,etiam faucibus cursus urna ut tellus nulla ut erat id mauris vulputate,11/26/2022,3/20/2021,60781,7801,394,9019.44,173792.12,0.0505063453,18.2686153464
120,Twitter,quis odio consequat varius integer ac leo pellentesque ultrices mattis odio,5/10/2020,11/26/2020,25904,4690,804,576.6,125236.88,0.1714285714,216.1988900451
121,Twitter,faucibus orci luctus et ultrices posuere cubilia curae nulla dapibus dolor vel,9/7/2020,3/17/2022,3456,2849,422,9450.52,149103.99,0.1481221481,14.7773318294
122,Twitter,sed vestibulum sit amet cursus id turpis integer aliquet massa,12/16/2021,6/15/2021,88035,9914,260,4513.87,176743.28,0.0262255396,38.1555981896
123,Instagram,consectetuer eget rutrum at lorem integer tincidunt ante vel ipsum praesent blandit,9/17/2020,10/27/2021,86487,2138,579,4982.65,177851.96,0.2708138447,34.6942510511
124,LinkedIn,pellentesque ultrices phasellus id sapien in sapien iaculis congue vivamus,1/6/2021,8/9/2021,7107,995,421,3785.43,68488.3,0.4231155779,17.092607709
125,Twitter,vestibulum quam sapien varius ut blandit non interdum in ante vestibulum ante,9/16/2021,11/11/2021,92140,4028,266,7294.36,47378.04,0.0660377358,5.4951606447
126,Instagram,ornare consequat lectus in est risus auctor sed tristique in,9/21/2020,1/18/2020,96364,5676,656,7923.15,178449.01,0.1155743481,21.5224828509
127,LinkedIn,integer non velit donec diam neque vestibulum eget vulputate ut,2/5/2020,10/19/2020,7251,3336,268,7089.73,115790.48,0.0803357314,15.3321424088
128,LinkedIn,elit ac nulla sed vel enim sit amet nunc viverra,1/25/2020,5/6/2022,1776,6059,493,4546.87,24016.29,0.0813665621,4.2819390042
129,Facebook,diam id ornare imperdiet sapien urna pretium nisl ut volutpat sapien arcu,6/16/2022,2/3/2021,21506,1323,656,2835.68,179239.31,0.4958427816,62.2085813632
130,Twitter,amet eleifend pede libero quis orci nullam molestie nibh in,10/30/2021,6/14/2021,2591,3968,842,5208.53,121262.51,0.2121975806,22.2815228097
131,Facebook,mauris lacinia sapien quis libero nullam sit amet turpis elementum ligula,4/3/2020,5/30/2020,37901,780,628,2728.83,34760.43,0.8051282051,11.7382174778
132,LinkedIn,ut massa volutpat convallis morbi odio odio elementum eu interdum,9/5/2022,11/20/2021,66869,2391,72,2981.25,98345.5,0.0301129235,31.9880083857
133,LinkedIn,luctus et ultrices posuere cubilia curae donec pharetra magna vestibulum aliquet,2/16/2020,6/10/2022,78697,9107,226,2070.88,137240.73,0.0248160755,65.2716960906
134,LinkedIn,mattis pulvinar nulla pede ullamcorper augue a suscipit nulla elit,11/28/2022,6/27/2020,66805,3082,655,9220.05,4846.92,0.2125243348,-0.4743065385
135,Twitter,fringilla rhoncus mauris enim leo rhoncus sed vestibulum sit amet cursus id,7/7/2021,10/13/2022,36672,4466,941,2433.72,171749.47,0.21070309,69.5707599888
136,LinkedIn,nisi nam ultrices libero non mattis pulvinar nulla pede ullamcorper,3/27/2021,2/3/2020,72405,3204,136,1999.39,13902.31,0.0424469413,5.9532757491
137,LinkedIn,nulla tellus in sagittis dui vel nisl duis ac nibh fusce,6/23/2022,6/4/2022,6336,1207,146,5982.1,168854.62,0.1209610605,27.226646161
138,LinkedIn,primis in faucibus orci luctus et ultrices posuere cubilia curae,10/9/2022,7/3/2020,90621,9579,77,202.34,102564.56,0.0080384174,505.892161708
139,LinkedIn,erat vestibulum sed magna at nunc commodo placerat praesent blandit nam nulla,10/8/2021,7/5/2022,78075,1650,759,5480.88,138628.4,0.46,24.2930916203
140,Facebook,scelerisque quam turpis adipiscing lorem vitae mattis nibh ligula nec sem duis,1/31/2021,9/3/2020,14854,2915,467,3362.49,115877.92,0.1602058319,33.4619374333
141,Facebook,non pretium quis lectus suspendisse potenti in eleifend quam a,10/31/2021,3/12/2020,99017,2462,970,7105.58,179778.07,0.3939886271,24.3009705049
142,Instagram,ultrices phasellus id sapien in sapien iaculis congue vivamus metus arcu,4/11/2022,4/26/2020,22797,106,774,70.1,104294.29,7.3018867925,1486.7930099857
143,LinkedIn,iaculis congue vivamus metus arcu adipiscing molestie hendrerit at vulputate,11/2/2022,2/18/2022,82098,1718,284,5040.45,96185.29,0.1653084983,18.0826791259
144,Twitter,ac nulla sed vel enim sit amet nunc viverra dapibus nulla suscipit,11/23/2020,2/8/2020,88946,1679,276,9408.13,38044.24,0.1643835616,3.0437621504
145,Facebook,tincidunt lacus at velit vivamus vel nulla eget eros elementum pellentesque,4/26/2021,6/23/2021,55216,7705,0,7066.76,128845.24,0,17.2325761735
146,LinkedIn,maecenas tincidunt lacus at velit vivamus vel nulla eget eros,4/25/2022,6/17/2022,95733,5306,88,9971.15,70428.32,0.0165849981,6.063209359
147,Twitter,penatibus et magnis dis parturient montes nascetur ridiculus mus etiam vel,10/3/2020,5/29/2021,1040,4857,135,8059.96,145931.98,0.0277949351,17.1057945697
148,Facebook,luctus ultricies eu nibh quisque id justo sit amet sapien,4/15/2022,3/23/2020,31879,4357,92,8778.17,95198.55,0.0211154464,9.8449198409
149,LinkedIn,sit amet sem fusce consequat nulla nisl nunc nisl duis,4/9/2021,9/5/2020,85165,9245,334,8641.74,25885.3,0.0361276366,1.9953805599
150,Twitter,lectus in quam fringilla rhoncus mauris enim leo rhoncus sed vestibulum,3/2/2022,4/3/2021,11510,7297,878,4011.65,84424.91,0.1203234206,20.0449341293
151,Twitter,blandit nam nulla integer pede justo lacinia eget tincidunt eget,5/31/2021,3/27/2022,59806,5209,627,6932.18,62408.37,0.1203685928,8.0027047769
152,Facebook,felis fusce posuere felis sed lacus morbi sem mauris laoreet,5/20/2021,6/8/2022,11968,8372,544,4432.25,51984.85,0.0649784998,10.7287720684
153,LinkedIn,tortor quis turpis sed ante vivamus tortor duis mattis egestas metus,3/24/2022,7/31/2021,94249,7602,269,9485.57,46784.22,0.0353854249,3.9321464076
154,LinkedIn,vel augue vestibulum rutrum rutrum neque aenean auctor gravida sem,2/10/2021,4/2/2020,93714,2750,289,8537.49,103261.32,0.1050909091,11.095044328
155,LinkedIn,in faucibus orci luctus et ultrices posuere cubilia curae mauris viverra diam,7/28/2022,4/22/2021,15482,7778,935,9327.88,138404.13,0.1202108511,13.837683375
156,Instagram,primis in faucibus orci luctus et ultrices posuere cubilia curae duis,8/13/2021,10/28/2020,73949,3656,978,271.14,44317.19,0.2675054705,162.4476285314
157,Facebook,sed accumsan felis ut at dolor quis odio consequat varius,3/24/2022,12/13/2021,4899,8523,838,4550.79,92164.7,0.098322187,19.2524616605
158,Facebook,vestibulum sed magna at nunc commodo placerat praesent blandit nam,12/13/2022,3/16/2022,99542,1918,421,3110.75,10764.94,0.2194994786,2.460560958
159,Twitter,augue a suscipit nulla elit ac nulla sed vel enim,9/12/2021,3/8/2021,74437,101,943,3410.2,150431.29,9.3366336634,43.1121605771
160,Facebook,amet sapien dignissim vestibulum vestibulum ante ipsum primis in faucibus,10/21/2020,3/24/2022,65876,6239,680,5958.98,110108.02,0.1089918256,17.4776622845
161,Instagram,lacus morbi sem mauris laoreet ut rhoncus aliquet pulvinar sed nisl,11/1/2020,11/14/2022,24124,4404,419,1775.1,44716.48,0.0951407811,24.1909638894
162,LinkedIn,pellentesque ultrices mattis odio donec vitae nisi nam ultrices libero,6/7/2022,7/27/2022,1245,7255,51,9737.85,110840.92,0.0070296347,10.3824838132
163,Instagram,velit id pretium iaculis diam erat fermentum justo nec condimentum neque sapien,1/21/2021,6/16/2021,20043,1112,791,7973.01,49099.75,0.7113309353,5.1582451295
164,Instagram,donec odio justo sollicitudin ut suscipit a feugiat et eros vestibulum ac,1/2/2020,7/19/2020,43977,5266,195,8338.44,38169.13,0.0370300038,3.5774905138
165,LinkedIn,libero ut massa volutpat convallis morbi odio odio elementum eu interdum,2/22/2020,4/28/2021,22649,1766,522,2988.59,62337.32,0.295583239,19.8584382602
166,LinkedIn,quis libero nullam sit amet turpis elementum ligula vehicula consequat,11/1/2022,5/11/2022,86814,6477,724,7189.39,137619.97,0.1117801451,18.1420927227
167,Twitter,vivamus in felis eu sapien cursus vestibulum proin eu mi nulla ac,12/6/2022,6/26/2022,27114,6699,741,6493.61,86577.9,0.1106135244,12.3327840754
168,LinkedIn,in felis donec semper sapien a libero nam dui proin leo odio,11/12/2021,12/24/2022,80192,906,491,2023.05,27318.58,0.5419426049,12.5036603149
169,Instagram,eu nibh quisque id justo sit amet sapien dignissim vestibulum,8/22/2022,1/12/2021,60967,5700,123,290.81,178749.27,0.0215789474,613.6599841821
170,Facebook,luctus cum sociis natoque penatibus et magnis dis parturient montes,5/6/2020,8/29/2021,13918,9409,422,8177.92,84790.93,0.0448506749,9.3682757963
171,LinkedIn,in faucibus orci luctus et ultrices posuere cubilia curae duis faucibus accumsan,1/27/2021,6/9/2020,95866,2653,312,292.59,101933.33,0.1176027139,347.3828223794
172,Twitter,ipsum primis in faucibus orci luctus et ultrices posuere cubilia curae,1/15/2020,4/10/2022,60895,6782,54,8999.16,15631.35,0.007962253,0.7369787847
173,Twitter,donec vitae nisi nam ultrices libero non mattis pulvinar nulla pede ullamcorper,3/19/2021,6/18/2021,57310,5996,753,8462.97,93847.2,0.1255837225,10.0891566436
174,LinkedIn,diam cras pellentesque volutpat dui maecenas tristique est et tempus semper est,5/2/2022,7/25/2022,21592,1692,243,6583.12,19226.25,0.1436170213,1.9205376782
175,Twitter,dapibus dolor vel est donec odio justo sollicitudin ut suscipit a,7/9/2022,1/18/2022,52668,1006,852,7178.29,71841.11,0.8469184891,9.0081091736
176,Facebook,aliquet ultrices erat tortor sollicitudin mi sit amet lobortis sapien sapien non,10/30/2020,1/26/2020,75230,6510,293,9515.63,131714.94,0.0450076805,12.8419568647
177,LinkedIn,pretium iaculis justo in hac habitasse platea dictumst etiam faucibus cursus,1/11/2020,7/8/2022,55841,7339,703,282.75,125755.77,0.0957896171,443.7595755968
178,Twitter,amet sem fusce consequat nulla nisl nunc nisl duis bibendum felis sed,5/18/2020,11/9/2021,50744,4345,841,5218.35,161921.67,0.1935558113,30.0292851189
179,Facebook,non interdum in ante vestibulum ante ipsum primis in faucibus orci luctus,8/24/2021,1/14/2021,29866,1757,730,7896.9,52171.51,0.4154809334,5.6065810635
180,Facebook,metus arcu adipiscing molestie hendrerit at vulputate vitae nisl aenean lectus pellentesque,2/7/2022,3/29/2020,6587,3511,372,2287.12,172915.26,0.10595272,74.6039298332
181,Instagram,feugiat et eros vestibulum ac est lacinia nisi venenatis tristique fusce congue,1/21/2020,12/19/2020,31758,483,537,2170.32,39583.48,1.1118012422,17.2385454679
182,Twitter,posuere cubilia curae duis faucibus accumsan odio curabitur convallis duis consequat,1/5/2020,10/31/2021,24391,8980,12,1288.36,146860.87,0.0013363029,112.9905538825
183,Facebook,ridiculus mus etiam vel augue vestibulum rutrum rutrum neque aenean auctor,11/29/2021,7/5/2022,45952,7447,899,5304.1,17049.76,0.1207197529,2.2144491997
184,Instagram,lorem ipsum dolor sit amet consectetuer adipiscing elit proin risus praesent lectus,8/20/2021,3/31/2020,15372,2668,443,991.42,56370.59,0.166041979,55.8584353755
185,Facebook,maecenas ut massa quis augue luctus tincidunt nulla mollis molestie lorem quisque,7/11/2022,2/4/2021,22998,3516,344,5031.72,84012.29,0.0978384528,15.6965351808
186,Facebook,a odio in hac habitasse platea dictumst maecenas ut massa,10/3/2021,8/29/2021,24476,6427,208,7278.0,39644.17,0.0323634666,4.4471242099
187,Facebook,dolor quis odio consequat varius integer ac leo pellentesque ultrices mattis odio,10/11/2020,8/4/2021,74808,5655,519,8751.92,16942.68,0.0917771883,0.935881498
188,LinkedIn,vitae nisi nam ultrices libero non mattis pulvinar nulla pede ullamcorper augue,2/9/2021,11/25/2020,5945,1326,940,9778.4,142739.0,0.7088989442,13.5973778941
189,Facebook,risus semper porta volutpat quam pede lobortis ligula sit amet,1/4/2020,2/22/2021,21176,2021,93,9817.9,103916.95,0.0460168234,9.5844376089
190,Instagram,mus vivamus vestibulum sagittis sapien cum sociis natoque penatibus et,6/30/2021,5/16/2020,14582,6559,299,672.51,128498.42,0.0455862174,190.0728762398
191,Twitter,in sapien iaculis congue vivamus metus arcu adipiscing molestie hendrerit at vulputate,1/23/2021,10/23/2022,53299,7869,273,4826.03,135888.58,0.0346930995,27.1574254615
192,Instagram,feugiat et eros vestibulum ac est lacinia nisi venenatis tristique fusce,12/15/2021,10/2/2021,58793,8702,283,5536.12,76304.11,0.0325212595,12.7829581006
193,LinkedIn,tempus semper est quam pharetra magna ac consequat metus sapien,9/24/2020,1/18/2022,57460,7527,687,4981.3,138755.13,0.0912714229,26.8552044647
194,Twitter,convallis morbi odio odio elementum eu interdum eu tincidunt in leo maecenas,5/15/2021,4/12/2021,19424,3251,181,7155.7,179365.47,0.0556751769,24.0660969577
195,LinkedIn,non sodales sed tincidunt eu felis fusce posuere felis sed,2/4/2021,1/7/2021,76599,4982,775,7248.94,111043.07,0.1555600161,14.3185251913
196,LinkedIn,id nisl venenatis lacinia aenean sit amet justo morbi ut odio cras,9/5/2022,4/8/2020,37749,8183,562,2025.53,137813.66,0.0686789686,67.0383208345
197,LinkedIn,pretium iaculis justo in hac habitasse platea dictumst etiam faucibus cursus,1/22/2022,7/4/2020,75282,3567,296,8983.01,132897.7,0.0829828988,13.7943395365
198,Facebook,sed vel enim sit amet nunc viverra dapibus nulla suscipit ligula,1/10/2020,11/28/2022,97687,7020,90,5627.67,56065.61,0.0128205128,8.9624906933
199,Instagram,amet sem fusce consequat nulla nisl nunc nisl duis bibendum felis,7/10/2020,3/10/2022,55819,6165,128,5343.63,52807.51,0.0207623682,8.8823290535
200,Twitter,semper interdum mauris ullamcorper purus sit amet nulla quisque arcu libero,12/16/2021,4/22/2021,16792,8406,954,3270.06,148867.49,0.113490364,44.5243909898
201,Facebook,ligula in lacus curabitur at ipsum ac tellus semper interdum,7/20/2022,6/2/2022,21736,1599,317,8189.35,59541.59,0.1982489056,6.2706124418
202,Twitter,in tempus sit amet sem fusce consequat nulla nisl nunc nisl duis,7/20/2022,12/2/2022,91057,9180,499,4608.0,9407.74,0.0543572985,1.0416102431
203,Facebook,vestibulum sed magna at nunc commodo placerat praesent blandit nam,4/22/2021,11/4/2020,23880,1458,787,8254.68,173636.72,0.5397805213,20.0349426023
204,Twitter,magna vestibulum aliquet ultrices erat tortor sollicitudin mi sit amet lobortis sapien,5/6/2022,2/21/2020,87678,8946,665,447.23,98502.09,0.0743348983,219.2492900745
205,Twitter,tellus nisi eu orci mauris lacinia sapien quis libero nullam,6/29/2021,8/26/2021,4576,2251,594,1741.2,65062.19,0.2638827188,36.3662933609
206,Facebook,donec odio justo sollicitudin ut suscipit a feugiat et eros vestibulum ac,11/25/2020,2/23/2021,88239,5086,36,9718.52,121562.69,0.007078254,11.5083541527
207,Instagram,mi nulla ac enim in tempor turpis nec euismod scelerisque quam,5/8/2021,9/15/2022,69950,2868,314,24.09,163847.32,0.1094839609,6800.4661685347
208,Facebook,ipsum dolor sit amet consectetuer adipiscing elit proin risus praesent lectus,7/2/2021,12/9/2021,47269,4687,598,7647.43,170410.66,0.1275869426,21.2833893216
209,Instagram,justo morbi ut odio cras mi pede malesuada in imperdiet,10/15/2021,1/13/2020,52186,971,243,9402.38,139607.66,0.2502574665,13.848119306
210,Facebook,id massa id nisl venenatis lacinia aenean sit amet justo morbi ut,8/6/2022,9/26/2021,85785,5424,786,9747.2,178969.38,0.1449115044,17.3611067794
211,Instagram,justo morbi ut odio cras mi pede malesuada in imperdiet et,1/22/2021,11/23/2022,31915,5041,743,4153.44,25825.56,0.1473913906,5.2178724142
212,Twitter,morbi vestibulum velit id pretium iaculis diam erat fermentum justo nec condimentum,11/7/2020,8/2/2022,94933,660,704,4055.99,51107.82,1.0666666667,11.6005784038
213,Facebook,nulla mollis molestie lorem quisque ut erat curabitur gravida nisi at nibh,4/4/2022,5/30/2022,86023,7713,843,4646.34,100373.25,0.1092959938,20.6026485363
214,Twitter,sem duis aliquam convallis nunc proin at turpis a pede posuere nonummy,12/26/2021,9/27/2021,52029,6904,835,6479.95,148585.48,0.1209443801,21.930034954
215,Instagram,ac enim in tempor turpis nec euismod scelerisque quam turpis adipiscing lorem,5/22/2021,11/18/2021,95161,2080,378,6365.99,118867.74,0.1817307692,17.6723101984
216,Facebook,at nibh in hac habitasse platea dictumst aliquam augue quam sollicitudin vitae,3/21/2021,12/12/2021,63857,9959,431,1011.43,154979.7,0.0432774375,152.228300525
217,LinkedIn,erat eros viverra eget congue eget semper rutrum nulla nunc purus phasellus,3/20/2022,8/2/2021,30193,2914,118,1147.95,64917.7,0.0404941661,55.5509821856
218,Instagram,vestibulum proin eu mi nulla ac enim in tempor turpis,2/14/2021,6/18/2020,60305,7281,347,8076.2,11785.06,0.0476582887,0.4592333028
219,Twitter,risus auctor sed tristique in tempus sit amet sem fusce,11/20/2021,8/25/2020,97276,3066,172,1102.99,76077.19,0.056099152,67.9735990353
220,Facebook,vestibulum sagittis sapien cum sociis natoque penatibus et magnis dis parturient,6/15/2022,10/28/2022,14887,2062,21,4298.58,129121.04,0.0101842871,29.0380683854
221,Facebook,augue luctus tincidunt nulla mollis molestie lorem quisque ut erat curabitur,8/4/2020,10/29/2020,22077,6713,534,5810.59,115018.35,0.0795471473,18.7946077765
222,Facebook,rhoncus mauris enim leo rhoncus sed vestibulum sit amet cursus,9/29/2021,3/31/2022,53449,7304,518,3657.3,84179.52,0.0709200438,22.0168484948
223,Facebook,non ligula pellentesque ultrices phasellus id sapien in sapien iaculis congue,12/22/2022,7/17/2022,33941,8556,362,4292.77,160455.58,0.0423094904,36.3780985238
224,Instagram,ut at dolor quis odio consequat varius integer ac leo,2/23/2020,5/17/2022,51150,8366,60,3383.02,8853.16,0.0071718862,1.6169398939
225,Facebook,id mauris vulputate elementum nullam varius nulla facilisi cras non velit nec,4/8/2021,7/24/2020,32597,7008,923,3618.92,129095.72,0.131706621,34.6724437125
226,LinkedIn,metus vitae ipsum aliquam non mauris morbi non lectus aliquam sit,12/2/2021,4/8/2020,84854,3562,948,5922.3,110262.78,0.2661426165,17.6182361582
227,Facebook,vivamus vestibulum sagittis sapien cum sociis natoque penatibus et magnis,7/10/2020,9/18/2022,76546,5599,835,5570.54,105208.47,0.1491337739,17.8865837064
228,Twitter,parturient montes nascetur ridiculus mus vivamus vestibulum sagittis sapien cum,4/19/2022,1/30/2021,31127,1669,732,4788.72,72910.2,0.4385859796,14.225404701
229,Twitter,a feugiat et eros vestibulum ac est lacinia nisi venenatis tristique fusce,12/29/2020,6/14/2020,98787,6177,794,7957.88,88623.79,0.1285413631,10.1366079911
230,Twitter,orci eget orci vehicula condimentum curabitur in libero ut massa volutpat convallis,2/21/2020,1/25/2021,43909,4723,83,2601.46,162289.95,0.0175735761,61.3841804218
231,Facebook,dui proin leo odio porttitor id consequat in consequat ut nulla sed,12/5/2020,5/21/2021,90863,1358,550,1280.31,78778.94,0.4050073638,60.5311448009
232,Facebook,orci nullam molestie nibh in lectus pellentesque at nulla suspendisse,8/16/2020,1/30/2021,74987,2093,78,1015.42,149751.62,0.0372670807,146.4775166926
233,Twitter,eget tempus vel pede morbi porttitor lorem id ligula suspendisse ornare,7/6/2022,9/25/2021,69748,453,136,7168.04,10650.65,0.3002207506,0.4858524785
234,LinkedIn,vitae nisl aenean lectus pellentesque eget nunc donec quis orci eget orci,5/29/2021,12/16/2020,99410,2784,881,8272.97,141594.22,0.3164511494,16.1152826615
235,LinkedIn,maecenas rhoncus aliquam lacus morbi quis tortor id nulla ultrices,3/28/2022,3/16/2022,39036,7271,997,4134.32,31097.04,0.137120066,6.5216819211
236,Instagram,justo aliquam quis turpis eget elit sodales scelerisque mauris sit amet eros,5/20/2020,11/26/2021,35400,5466,30,5665.37,77024.42,0.0054884742,12.5956557118
237,Twitter,praesent blandit lacinia erat vestibulum sed magna at nunc commodo placerat praesent,11/27/2020,11/14/2021,85167,3231,861,2942.93,23583.71,0.2664809656,7.0136836418
238,Instagram,faucibus orci luctus et ultrices posuere cubilia curae mauris viverra diam vitae,11/1/2021,6/15/2022,72431,184,152,9668.49,178134.77,0.8260869565,17.424259631
239,LinkedIn,molestie lorem quisque ut erat curabitur gravida nisi at nibh in hac,11/20/2021,10/29/2021,59022,5142,775,4171.94,174293.67,0.1507195644,40.7776070605
240,Facebook,eu sapien cursus vestibulum proin eu mi nulla ac enim in,9/17/2020,5/19/2021,7450,163,872,3184.7,23808.23,5.3496932515,6.4758156184
241,LinkedIn,vulputate vitae nisl aenean lectus pellentesque eget nunc donec quis orci,5/23/2022,5/18/2022,77763,859,522,8445.11,18911.88,0.6076833527,1.2393882377
242,Twitter,lectus suspendisse potenti in eleifend quam a odio in hac habitasse,2/3/2020,1/4/2021,4986,6046,288,9099.82,68511.96,0.0476347999,6.5289357372
243,Facebook,feugiat non pretium quis lectus suspendisse potenti in eleifend quam a,5/3/2020,10/12/2022,48390,4570,844,1560.63,21021.31,0.1846827133,12.4697590076
244,LinkedIn,ligula nec sem duis aliquam convallis nunc proin at turpis a,7/11/2022,3/3/2020,74733,6405,11,7890.02,147274.23,0.0017174083,17.6658880459
245,Twitter,ipsum primis in faucibus orci luctus et ultrices posuere cubilia,8/19/2022,7/31/2020,35110,4405,137,7979.23,90595.69,0.0311010216,10.3539389139
246,Twitter,viverra dapibus nulla suscipit ligula in lacus curabitur at ipsum ac tellus,12/25/2020,3/14/2021,85847,4737,784,4307.48,15851.34,0.1655055943,2.6799567264
247,Instagram,at velit eu est congue elementum in hac habitasse platea dictumst morbi,8/9/2021,8/14/2021,91032,1514,714,1669.2,143380.24,0.4715984148,84.8975796789
248,Twitter,in hac habitasse platea dictumst etiam faucibus cursus urna ut,12/14/2021,12/6/2022,45585,6978,4,1359.08,136489.1,0.0005732302,99.4275686494
249,Twitter,pede posuere nonummy integer non velit donec diam neque vestibulum eget vulputate,3/2/2020,12/14/2020,92864,9979,724,2387.88,31881.99,0.07255236,12.3515880195
250,Instagram,vitae quam suspendisse potenti nullam porttitor lacus at turpis donec posuere metus,7/23/2020,3/3/2020,68676,9303,77,2267.35,174566.3,0.0082768999,75.991333495
251,LinkedIn,sapien quis libero nullam sit amet turpis elementum ligula vehicula consequat morbi,3/6/2020,6/18/2022,56396,871,452,8036.81,90319.75,0.5189437428,10.2382587121
252,Instagram,curabitur convallis duis consequat dui nec nisi volutpat eleifend donec,8/25/2020,11/21/2021,32386,6629,360,6764.73,101095.24,0.0543068336,13.9444604589
253,Twitter,vestibulum ante ipsum primis in faucibus orci luctus et ultrices posuere cubilia,12/27/2020,10/6/2020,82547,9191,984,2823.33,152506.41,0.1070612556,53.0165017904
254,LinkedIn,maecenas tristique est et tempus semper est quam pharetra magna ac,12/15/2022,6/19/2022,27497,7909,101,6375.99,24838.31,0.0127702617,2.8956005263
255,Instagram,in sapien iaculis congue vivamus metus arcu adipiscing molestie hendrerit,1/5/2020,10/8/2022,34155,5064,452,7680.45,134113.13,0.0892575039,16.4616239934
256,Facebook,amet consectetuer adipiscing elit proin interdum mauris non ligula pellentesque ultrices,2/1/2020,12/18/2020,36401,2019,919,5716.57,3446.81,0.4551758296,-0.3970492796
257,Instagram,odio cras mi pede malesuada in imperdiet et commodo vulputate justo in,7/21/2020,11/27/2021,53563,1176,488,1223.36,46357.13,0.4149659864,36.8932857049
258,Facebook,nunc vestibulum ante ipsum primis in faucibus orci luctus et ultrices posuere,1/28/2022,9/8/2021,62152,8579,411,6364.78,177524.87,0.0479076815,26.8917527393
259,Instagram,dictumst maecenas ut massa quis augue luctus tincidunt nulla mollis molestie lorem,5/30/2020,5/11/2020,26299,545,76,9311.86,25441.66,0.1394495413,1.7321781041
260,Facebook,turpis integer aliquet massa id lobortis convallis tortor risus dapibus augue vel,6/3/2022,1/1/2022,86620,1914,588,846.16,8560.47,0.3072100313,9.1168455139
261,Facebook,sed tristique in tempus sit amet sem fusce consequat nulla,8/29/2020,11/22/2020,43927,7244,841,2047.84,117528.23,0.1160960795,56.3913147512
262,Instagram,nisl venenatis lacinia aenean sit amet justo morbi ut odio,6/29/2020,4/9/2021,80971,9051,803,5329.54,82997.71,0.0887194785,14.5731470258
263,Twitter,pellentesque viverra pede ac diam cras pellentesque volutpat dui maecenas tristique,11/23/2021,7/1/2022,53611,4422,688,7089.64,178175.09,0.1555857078,24.1317542217
264,Instagram,ut at dolor quis odio consequat varius integer ac leo pellentesque,10/30/2021,11/4/2021,6080,4649,872,2873.33,65588.42,0.1875672188,21.8266227687
265,Instagram,bibendum imperdiet nullam orci pede venenatis non sodales sed tincidunt,5/5/2021,11/29/2021,73413,4678,719,1743.77,173068.61,0.1536981616,98.2496774231
266,Facebook,dapibus augue vel accumsan tellus nisi eu orci mauris lacinia,4/20/2020,9/21/2022,82905,2602,729,9259.36,9594.04,0.2801691007,0.0361450467
267,Instagram,non mi integer ac neque duis bibendum morbi non quam nec dui,10/12/2022,11/22/2020,64322,4186,626,7159.11,117711.92,0.1495461061,15.4422560905
268,Facebook,rutrum neque aenean auctor gravida sem praesent id massa id,9/30/2021,5/14/2021,7813,5933,364,3948.08,12312.99,0.0613517613,2.1187285972
269,Instagram,nulla ultrices aliquet maecenas leo odio condimentum id luctus nec molestie,9/20/2020,3/28/2021,36070,8978,187,7463.49,37594.83,0.0208286924,4.0371649188
270,Twitter,lacinia sapien quis libero nullam sit amet turpis elementum ligula vehicula consequat,7/25/2020,12/23/2021,52376,5994,199,4302.11,74378.89,0.0331998665,16.28893264
271,LinkedIn,nunc vestibulum ante ipsum primis in faucibus orci luctus et ultrices,11/21/2020,12/7/2022,90553,8567,745,2736.17,35737.96,0.0869615968,12.0613083251
272,Instagram,fringilla rhoncus mauris enim leo rhoncus sed vestibulum sit amet,11/8/2022,2/25/2020,63667,379,501,1776.29,66770.7,1.3218997361,36.5899768619
273,LinkedIn,dolor quis odio consequat varius integer ac leo pellentesque ultrices,1/29/2021,10/12/2020,29610,9297,397,9678.68,45238.93,0.0427019469,3.6740805564
274,Facebook,consequat varius integer ac leo pellentesque ultrices mattis odio donec vitae nisi,11/8/2021,11/23/2021,61971,6211,368,6223.18,131553.07,0.0592497182,20.1392037511
275,Twitter,quam a odio in hac habitasse platea dictumst maecenas ut,10/2/2021,1/4/2022,86566,1900,939,2656.56,49679.77,0.4942105263,17.7007897431
276,Facebook,cursus id turpis integer aliquet massa id lobortis convallis tortor risus,2/3/2021,8/6/2022,83991,4481,982,8956.94,62290.21,0.2191475117,5.9544074204
277,Instagram,dui vel nisl duis ac nibh fusce lacus purus aliquet,3/19/2022,7/16/2020,34101,6039,33,5553.96,122317.1,0.0054644809,21.0234031214
278,Instagram,pretium iaculis justo in hac habitasse platea dictumst etiam faucibus cursus,1/17/2021,2/24/2021,34508,5982,180,7042.19,6133.25,0.0300902708,-0.1290706442
279,Facebook,sapien iaculis congue vivamus metus arcu adipiscing molestie hendrerit at vulputate,1/27/2022,1/18/2021,36471,488,895,7936.14,149231.74,1.8340163934,17.8040709967
280,LinkedIn,vestibulum sit amet cursus id turpis integer aliquet massa id lobortis,9/6/2022,5/23/2022,79433,7198,954,5124.88,150894.87,0.1325368158,28.4435908743
281,Instagram,turpis adipiscing lorem vitae mattis nibh ligula nec sem duis aliquam convallis,6/8/2022,8/28/2021,84158,1507,972,599.88,45340.37,0.6449900464,74.5823998133
282,LinkedIn,ante vivamus tortor duis mattis egestas metus aenean fermentum donec ut,12/25/2020,2/11/2021,79497,7631,945,2508.46,5819.26,0.1238369807,1.3198536154
283,Twitter,at dolor quis odio consequat varius integer ac leo pellentesque ultrices,1/22/2021,5/25/2022,37156,5634,219,4585.92,159948.64,0.0388711395,33.8782011025
284,Instagram,iaculis congue vivamus metus arcu adipiscing molestie hendrerit at vulputate,6/29/2020,4/8/2021,10433,4848,759,1152.05,148689.54,0.1565594059,128.0651794627
285,Twitter,justo in blandit ultrices enim lorem ipsum dolor sit amet consectetuer,11/11/2022,1/18/2022,55315,7344,552,2085.4,171690.2,0.0751633987,81.329625012
286,Instagram,eget massa tempor convallis nulla neque libero convallis eget eleifend luctus ultricies,7/8/2022,12/16/2021,94430,3226,846,8870.07,23572.38,0.2622442653,1.65751905
287,Twitter,semper rutrum nulla nunc purus phasellus in felis donec semper sapien,12/30/2021,9/12/2021,96038,5949,115,5099.02,5302.15,0.01933098,0.0398370667
288,Facebook,non velit nec nisi vulputate nonummy maecenas tincidunt lacus at velit,1/27/2020,3/25/2020,15706,5866,401,9257.72,105412.65,0.0683600409,10.386459085
289,LinkedIn,habitasse platea dictumst aliquam augue quam sollicitudin vitae consectetuer eget,10/8/2020,11/3/2022,16841,1620,785,9740.19,175379.41,0.4845679012,17.0057483478
290,Twitter,quis odio consequat varius integer ac leo pellentesque ultrices mattis odio,4/2/2022,9/25/2021,40805,1377,647,2375.39,59036.16,0.4698620189,23.8532493612
291,Instagram,lobortis ligula sit amet eleifend pede libero quis orci nullam,9/15/2021,6/10/2021,62308,4401,501,4286.63,159157.75,0.1138377641,36.1288751303
292,Facebook,vulputate luctus cum sociis natoque penatibus et magnis dis parturient montes nascetur,8/6/2021,3/29/2022,29458,9680,456,2274.17,38168.95,0.047107438,15.7836837176
293,LinkedIn,at vulputate vitae nisl aenean lectus pellentesque eget nunc donec quis orci,4/21/2022,1/22/2021,63417,1551,626,9652.2,132758.38,0.4036105738,12.754209403
294,Twitter,aliquam convallis nunc proin at turpis a pede posuere nonummy,4/30/2021,1/3/2020,44892,1212,86,6895.91,78581.68,0.0709570957,10.3954039423
295,Facebook,suscipit ligula in lacus curabitur at ipsum ac tellus semper,6/28/2021,11/6/2021,48972,6525,551,9082.82,137264.25,0.0844444444,14.1125146155
296,Facebook,fusce lacus purus aliquet at feugiat non pretium quis lectus suspendisse,12/5/2020,6/25/2021,75534,192,210,1939.41,76392.34,1.09375,38.3894741184
297,Twitter,justo pellentesque viverra pede ac diam cras pellentesque volutpat dui maecenas,12/19/2020,9/15/2021,97043,8238,340,239.0,123029.56,0.0412721534,513.7680334728
298,Instagram,vivamus metus arcu adipiscing molestie hendrerit at vulputate vitae nisl aenean lectus,11/11/2020,11/3/2021,29748,608,427,1971.45,86249.44,0.7023026316,42.7492404068
299,Facebook,pellentesque ultrices phasellus id sapien in sapien iaculis congue vivamus metus,7/3/2021,2/11/2022,40850,7212,986,2489.63,159116.32,0.1367165835,62.9116334556
300,Twitter,ligula vehicula consequat morbi a ipsum integer a nibh in quis,4/12/2020,8/17/2020,32757,3154,394,9276.73,107526.55,0.1249207356,10.5909970431
301,Facebook,vestibulum ante ipsum primis in faucibus orci luctus et ultrices posuere cubilia,5/14/2020,2/20/2021,30636,630,522,1259.6,1392.4,0.8285714286,0.1054302953
302,Twitter,in leo maecenas pulvinar lobortis est phasellus sit amet erat,9/6/2022,4/26/2021,76437,7684,251,4111.05,162676.52,0.0326652785,38.5705525352
303,Facebook,quis odio consequat varius integer ac leo pellentesque ultrices mattis,6/28/2020,5/20/2022,35219,4600,838,9387.36,60286.62,0.182173913,5.4221058956
304,Twitter,pede posuere nonummy integer non velit donec diam neque vestibulum eget,11/5/2021,12/27/2021,21019,6493,369,6404.37,108851.21,0.0568304328,15.9963962107
305,Twitter,ligula vehicula consequat morbi a ipsum integer a nibh in quis,9/21/2021,5/16/2020,15358,8245,935,9492.48,60690.65,0.1134020619,5.3935504736
306,Twitter,mattis pulvinar nulla pede ullamcorper augue a suscipit nulla elit ac nulla,3/14/2021,2/7/2020,45571,9021,360,9012.2,13859.35,0.0399068839,0.537843146
307,LinkedIn,magna ac consequat metus sapien ut nunc vestibulum ante ipsum,4/23/2022,4/2/2022,96916,1381,821,4585.12,82295.49,0.5944967415,16.9483830303
308,LinkedIn,felis ut at dolor quis odio consequat varius integer ac leo,11/20/2022,9/8/2021,97237,9954,936,3211.25,171411.46,0.0940325497,52.3784227326
309,Facebook,eget semper rutrum nulla nunc purus phasellus in felis donec,4/24/2021,11/22/2022,40592,5388,95,5921.07,155090.51,0.0176317743,25.1929870783
310,LinkedIn,mus vivamus vestibulum sagittis sapien cum sociis natoque penatibus et magnis dis,5/5/2021,12/15/2021,86428,1848,561,8467.24,95630.6,0.3035714286,10.2941879526
311,Facebook,fermentum justo nec condimentum neque sapien placerat ante nulla justo aliquam,5/12/2022,6/28/2021,80413,3446,43,9557.55,178552.52,0.0124782356,17.6818295484
312,Facebook,ornare imperdiet sapien urna pretium nisl ut volutpat sapien arcu sed,4/24/2020,11/30/2020,22091,7724,604,7814.77,67003.94,0.078197825,7.5740130548
313,Facebook,massa id nisl venenatis lacinia aenean sit amet justo morbi,9/14/2021,12/4/2020,16667,171,213,2863.65,56313.55,1.2456140351,18.6649555637
314,Instagram,sapien placerat ante nulla justo aliquam quis turpis eget elit sodales scelerisque,9/15/2022,6/21/2020,161,2377,817,7353.58,128186.25,0.3437105595,16.4318155239
315,LinkedIn,ac consequat metus sapien ut nunc vestibulum ante ipsum primis in,4/2/2020,4/8/2022,33853,8227,752,86.43,7208.83,0.091406345,82.4065717922
316,Instagram,posuere cubilia curae duis faucibus accumsan odio curabitur convallis duis consequat,1/6/2021,7/8/2020,10523,7309,378,4087.39,10619.64,0.0517170612,1.5981469838
317,Facebook,convallis morbi odio odio elementum eu interdum eu tincidunt in,4/17/2020,11/1/2022,19033,1080,84,3393.43,114538.8,0.0777777778,32.7531052652
318,LinkedIn,elit proin risus praesent lectus vestibulum quam sapien varius ut blandit,6/30/2022,11/28/2022,59620,1620,652,1159.37,119879.51,0.4024691358,102.4005623744
319,Instagram,ipsum primis in faucibus orci luctus et ultrices posuere cubilia curae,11/20/2021,9/28/2020,44449,6775,943,7081.99,48461.88,0.1391881919,5.8429749265
320,Facebook,maecenas pulvinar lobortis est phasellus sit amet erat nulla tempus vivamus,3/17/2022,12/20/2020,1021,5619,846,7857.25,174821.41,0.150560598,21.2496942314
321,Twitter,nunc proin at turpis a pede posuere nonummy integer non velit,11/29/2022,5/30/2021,68128,8549,28,1449.85,1243.9,0.0032752369,-0.1420491775
322,Facebook,velit nec nisi vulputate nonummy maecenas tincidunt lacus at velit vivamus vel,2/28/2022,6/10/2022,58029,461,585,8960.48,101786.76,1.2689804772,10.3595209185
323,Twitter,amet diam in magna bibendum imperdiet nullam orci pede venenatis,2/26/2021,7/11/2021,38887,3416,333,8536.78,26905.06,0.0974824356,2.1516637421
324,Facebook,nec dui luctus rutrum nulla tellus in sagittis dui vel nisl duis,3/21/2020,8/1/2020,21424,6002,33,5387.97,135206.53,0.0054981673,24.0941504871
325,Twitter,vel enim sit amet nunc viverra dapibus nulla suscipit ligula in lacus,9/25/2020,2/15/2022,28217,7673,610,4619.59,18422.48,0.0794995439,2.9879036884
326,Facebook,faucibus orci luctus et ultrices posuere cubilia curae donec pharetra magna,6/7/2022,8/24/2020,4826,1408,721,9327.34,129217.31,0.5120738636,12.853607781
327,LinkedIn,nisl nunc nisl duis bibendum felis sed interdum venenatis turpis enim blandit,5/4/2020,4/4/2020,77279,4655,724,6215.03,114548.28,0.1555316864,17.4308490868
328,Twitter,erat eros viverra eget congue eget semper rutrum nulla nunc purus,2/21/2021,5/18/2021,67755,7129,104,8255.85,98273.19,0.0145883013,10.9034611821
329,Instagram,aliquet massa id lobortis convallis tortor risus dapibus augue vel,3/30/2020,9/4/2021,71532,1826,936,9023.21,58086.74,0.5125958379,5.4374806748
330,Instagram,sodales sed tincidunt eu felis fusce posuere felis sed lacus,8/18/2022,8/29/2021,58602,7704,485,4516.28,121658.64,0.0629543094,25.937798365
331,LinkedIn,tortor risus dapibus augue vel accumsan tellus nisi eu orci mauris,8/11/2020,6/11/2022,68454,4898,775,8380.67,133539.69,0.1582278481,14.9342498869
332,LinkedIn,varius nulla facilisi cras non velit nec nisi vulputate nonummy maecenas tincidunt,8/19/2022,11/9/2022,99925,2269,928,3287.1,17368.6,0.4089907448,4.2838672386
333,Twitter,integer a nibh in quis justo maecenas rhoncus aliquam lacus morbi,6/2/2020,1/14/2021,21058,3672,741,7508.3,68422.42,0.2017973856,8.1129043858
334,LinkedIn,amet lobortis sapien sapien non mi integer ac neque duis bibendum,1/20/2021,8/31/2022,57201,5667,113,845.22,170370.14,0.0199400035,200.5689879558
335,Twitter,rhoncus aliquet pulvinar sed nisl nunc rhoncus dui vel sem sed,10/30/2021,12/18/2020,75167,3269,184,2351.79,153310.9,0.0562863261,64.1890262311
336,LinkedIn,nulla dapibus dolor vel est donec odio justo sollicitudin ut suscipit a,3/13/2021,10/14/2022,67213,5057,460,1354.51,172378.37,0.0909630216,126.2625303615
337,Twitter,venenatis non sodales sed tincidunt eu felis fusce posuere felis sed lacus,3/18/2020,3/13/2020,74974,8608,249,9501.44,120934.08,0.0289265799,11.727973865
338,Twitter,mauris enim leo rhoncus sed vestibulum sit amet cursus id,1/12/2021,4/15/2021,39477,3714,825,7888.18,87195.99,0.2221324717,10.0540061206
339,Twitter,vulputate justo in blandit ultrices enim lorem ipsum dolor sit amet,10/3/2020,1/2/2022,415,6097,209,876.69,91360.46,0.0342791537,103.2106788032
340,Facebook,suspendisse potenti cras in purus eu magna vulputate luctus cum,11/24/2021,6/8/2022,68087,5320,334,2266.37,15928.47,0.0627819549,6.028186042
341,Twitter,amet sapien dignissim vestibulum vestibulum ante ipsum primis in faucibus,7/26/2021,4/19/2020,96303,6476,702,6864.3,22041.25,0.1084002471,2.2109974797
342,LinkedIn,cubilia curae duis faucibus accumsan odio curabitur convallis duis consequat dui nec,11/30/2021,4/21/2021,41879,9625,927,4052.65,33035.67,0.0963116883,7.1516217783
343,LinkedIn,sit amet cursus id turpis integer aliquet massa id lobortis convallis,4/29/2021,4/13/2022,7631,1540,861,4314.83,177200.71,0.5590909091,40.0678311776
344,Instagram,habitasse platea dictumst morbi vestibulum velit id pretium iaculis diam erat fermentum,8/6/2021,12/11/2021,42839,2860,107,6120.41,71949.42,0.0374125874,10.7556536245
345,Facebook,nisl duis ac nibh fusce lacus purus aliquet at feugiat non pretium,4/17/2020,3/29/2022,71730,7437,859,4104.3,170733.32,0.1155035633,40.5986453232
346,Facebook,in lectus pellentesque at nulla suspendisse potenti cras in purus eu magna,9/3/2020,2/21/2022,15271,3565,654,8639.61,50047.84,0.1834502104,4.7928355562
347,LinkedIn,ipsum praesent blandit lacinia erat vestibulum sed magna at nunc commodo,10/3/2021,6/8/2022,41377,5754,976,9410.21,99539.98,0.1696211331,9.5778702069
348,Facebook,luctus rutrum nulla tellus in sagittis dui vel nisl duis,3/19/2022,6/5/2022,84926,5980,240,5466.46,102264.98,0.0401337793,17.7077157795
349,Instagram,viverra eget congue eget semper rutrum nulla nunc purus phasellus in felis,11/21/2020,4/23/2022,73595,5836,67,7126.84,75547.39,0.0114804661,9.6004049481
350,LinkedIn,lectus in quam fringilla rhoncus mauris enim leo rhoncus sed,3/16/2021,6/1/2021,57767,9878,822,3025.63,157936.61,0.0832152258,51.1995782696
351,Facebook,posuere cubilia curae mauris viverra diam vitae quam suspendisse potenti,5/26/2020,11/20/2022,8261,5832,318,8184.63,150689.63,0.054526749,17.4112940964
352,Instagram,nulla justo aliquam quis turpis eget elit sodales scelerisque mauris sit,5/14/2020,5/9/2022,61077,7622,481,7192.74,80664.0,0.0631067961,10.2146414301
353,Facebook,congue risus semper porta volutpat quam pede lobortis ligula sit,9/21/2022,5/17/2021,1222,8663,729,2239.0,27697.46,0.084150987,11.3704600268
354,Instagram,nulla pede ullamcorper augue a suscipit nulla elit ac nulla sed vel,1/10/2021,2/18/2021,4727,4406,387,9884.33,31533.59,0.0878347708,2.190260746
355,LinkedIn,nulla ut erat id mauris vulputate elementum nullam varius nulla,8/10/2022,4/30/2022,44694,4191,758,899.17,86631.43,0.1808637557,95.3459968638
356,LinkedIn,nunc commodo placerat praesent blandit nam nulla integer pede justo lacinia eget,9/11/2022,11/24/2020,1463,5671,818,2228.68,119653.22,0.144242638,52.68793187
357,Instagram,cursus id turpis integer aliquet massa id lobortis convallis tortor,10/27/2020,1/19/2021,16122,8977,867,7173.73,103947.21,0.0965801493,13.489980805
358,LinkedIn,faucibus cursus urna ut tellus nulla ut erat id mauris vulputate,12/25/2022,4/29/2020,5732,1912,333,9156.79,28238.3,0.1741631799,2.0838645421
359,Instagram,justo aliquam quis turpis eget elit sodales scelerisque mauris sit,2/15/2020,8/21/2020,11019,5795,168,7299.95,153545.51,0.0289905091,20.0337755738
360,Facebook,turpis eget elit sodales scelerisque mauris sit amet eros suspendisse accumsan,7/8/2020,5/13/2020,27275,4057,173,4789.0,109119.9,0.0426423466,21.7855293381
361,Facebook,bibendum felis sed interdum venenatis turpis enim blandit mi in porttitor pede,7/28/2022,8/19/2020,86910,159,944,4538.71,155521.86,5.9371069182,33.2656525753
362,LinkedIn,suspendisse potenti in eleifend quam a odio in hac habitasse platea,2/15/2021,5/7/2020,96204,6853,741,7155.16,161566.88,0.1081278272,21.5804705974
363,Instagram,aliquet at feugiat non pretium quis lectus suspendisse potenti in eleifend,10/9/2021,11/10/2020,30015,3716,7,6665.69,119024.23,0.001883746,16.8562504407
364,LinkedIn,eget tempus vel pede morbi porttitor lorem id ligula suspendisse ornare consequat,10/8/2021,10/27/2021,18612,7122,124,3566.8,28444.39,0.0174108397,6.9747644948
365,LinkedIn,semper est quam pharetra magna ac consequat metus sapien ut,6/15/2021,5/2/2020,19422,9450,698,2327.35,53035.81,0.0738624339,21.7880679743
366,Facebook,quam pede lobortis ligula sit amet eleifend pede libero quis orci,9/23/2020,4/25/2021,34540,7529,958,5374.88,4454.82,0.1272413335,-0.1711777751
367,Facebook,viverra diam vitae quam suspendisse potenti nullam porttitor lacus at turpis,11/20/2021,2/21/2020,34695,2475,679,825.56,148929.58,0.2743434343,179.3982508842
368,Instagram,elementum eu interdum eu tincidunt in leo maecenas pulvinar lobortis,3/20/2022,3/3/2020,42897,3903,976,2067.94,100916.78,0.2500640533,47.8006325135
369,Twitter,id mauris vulputate elementum nullam varius nulla facilisi cras non,2/23/2022,8/10/2021,2027,5404,682,4972.75,12699.82,0.1262028127,1.5538826605
370,Twitter,mi sit amet lobortis sapien sapien non mi integer ac,8/22/2020,8/26/2021,49878,6732,381,4561.79,11106.09,0.0565953654,1.4345903691
371,Twitter,id luctus nec molestie sed justo pellentesque viverra pede ac diam cras,11/29/2022,6/12/2020,52396,8356,907,9811.14,155002.71,0.1085447583,14.7986441943
372,Facebook,ipsum integer a nibh in quis justo maecenas rhoncus aliquam lacus,2/22/2021,12/7/2022,68405,3112,101,4558.15,177676.64,0.0324550129,37.9799896888
373,Facebook,tortor sollicitudin mi sit amet lobortis sapien sapien non mi integer,10/19/2021,4/9/2022,50669,3051,787,8707.22,45236.26,0.2579482137,4.1952586474
374,Twitter,tempus vel pede morbi porttitor lorem id ligula suspendisse ornare consequat,6/21/2022,7/7/2020,24854,7537,471,2077.78,151180.55,0.0624917076,71.7606146945
375,Instagram,nec sem duis aliquam convallis nunc proin at turpis a pede,3/16/2021,12/28/2021,78975,6625,995,1517.54,64246.58,0.1501886792,41.3360043228
376,Instagram,at lorem integer tincidunt ante vel ipsum praesent blandit lacinia erat,5/5/2021,1/25/2022,69549,485,114,1370.74,67354.34,0.2350515464,48.1372105578
377,LinkedIn,penatibus et magnis dis parturient montes nascetur ridiculus mus vivamus,9/2/2020,3/14/2020,25178,6207,591,7507.52,53069.4,0.0952150797,6.0688323175
378,Instagram,pellentesque quisque porta volutpat erat quisque erat eros viverra eget congue eget,1/1/2021,8/29/2020,2064,4168,458,3484.39,112614.08,0.1098848369,31.3195968304
379,Facebook,non velit donec diam neque vestibulum eget vulputate ut ultrices vel,5/24/2020,4/21/2021,459,3296,719,8730.61,130588.01,0.2181432039,13.9574897974
380,LinkedIn,aliquet at feugiat non pretium quis lectus suspendisse potenti in,7/29/2022,6/19/2020,93409,2854,814,8025.66,52276.68,0.2852137351,5.5136923318
381,Facebook,eget semper rutrum nulla nunc purus phasellus in felis donec semper sapien,2/1/2021,1/7/2021,67646,1201,700,1473.43,115948.07,0.582847627,77.6926219773
382,Twitter,sem mauris laoreet ut rhoncus aliquet pulvinar sed nisl nunc,10/11/2021,1/20/2022,3973,5543,103,484.4,16961.15,0.0185819953,34.0147605285
383,Twitter,facilisi cras non velit nec nisi vulputate nonummy maecenas tincidunt,6/2/2020,12/31/2020,54871,8811,348,7386.57,21988.91,0.0394960844,1.9768769537
384,Instagram,eleifend donec ut dolor morbi vel lectus in quam fringilla,8/10/2022,11/20/2021,45866,9603,639,6065.14,159593.47,0.0665417057,25.3132376169
385,LinkedIn,lobortis sapien sapien non mi integer ac neque duis bibendum morbi,10/22/2022,1/30/2020,92094,7789,446,5845.53,73264.03,0.0572602388,11.5333425712
386,Instagram,posuere cubilia curae nulla dapibus dolor vel est donec odio justo,3/11/2021,4/23/2020,75610,9201,932,8607.43,179832.93,0.1012933377,19.892755445
387,Twitter,odio cras mi pede malesuada in imperdiet et commodo vulputate justo in,8/27/2021,12/28/2021,41310,95,46,7932.7,41998.23,0.4842105263,4.2943171934
388,Instagram,parturient montes nascetur ridiculus mus etiam vel augue vestibulum rutrum rutrum,11/23/2020,1/18/2022,14370,3772,419,3197.05,165341.17,0.1110816543,50.7167920427
389,Facebook,in magna bibendum imperdiet nullam orci pede venenatis non sodales sed,7/11/2022,10/17/2021,98141,9914,207,6062.92,49190.52,0.0208795643,7.1133381275
390,LinkedIn,donec vitae nisi nam ultrices libero non mattis pulvinar nulla pede ullamcorper,2/18/2022,12/2/2022,33597,2443,89,7872.93,28442.81,0.0364306181,2.61273503
391,LinkedIn,a ipsum integer a nibh in quis justo maecenas rhoncus aliquam lacus,5/21/2022,12/20/2022,72848,1948,574,4126.35,169657.78,0.294661191,40.1157027397
392,Facebook,phasellus id sapien in sapien iaculis congue vivamus metus arcu adipiscing molestie,10/19/2020,2/20/2022,55623,316,428,9586.51,161319.78,1.3544303797,15.8277903012
393,LinkedIn,nunc purus phasellus in felis donec semper sapien a libero,5/18/2022,10/25/2021,47411,6679,743,4380.01,98678.48,0.1112441982,21.5292818966
394,Facebook,sed nisl nunc rhoncus dui vel sem sed sagittis nam congue risus,7/2/2020,3/9/2022,24089,1535,945,2252.23,7871.4,0.6156351792,2.49493613
395,LinkedIn,sit amet eleifend pede libero quis orci nullam molestie nibh,9/8/2022,5/27/2020,10253,4576,206,9610.32,18914.21,0.0450174825,0.9681144853
396,LinkedIn,amet justo morbi ut odio cras mi pede malesuada in,3/12/2020,6/16/2022,40958,8388,20,9564.53,126935.77,0.0023843586,12.2715115118
397,Facebook,in faucibus orci luctus et ultrices posuere cubilia curae mauris,8/23/2021,6/15/2020,9104,1063,599,6427.61,83397.17,0.5634995296,11.9748335696
398,Facebook,ante nulla justo aliquam quis turpis eget elit sodales scelerisque mauris,3/4/2020,5/21/2021,9244,70,682,1081.44,40894.96,9.7428571429,36.8152833259
399,Instagram,sed tincidunt eu felis fusce posuere felis sed lacus morbi,2/13/2020,4/13/2022,80716,6903,516,5413.4,91171.02,0.0747501086,15.8417297817
400,Twitter,velit nec nisi vulputate nonummy maecenas tincidunt lacus at velit vivamus,6/17/2020,11/4/2020,71686,7794,155,3783.3,112771.45,0.0198870926,28.8076943409
401,Instagram,leo odio porttitor id consequat in consequat ut nulla sed accumsan,8/19/2020,11/30/2021,39457,8985,211,1168.84,10496.35,0.0234835838,7.9801427056
402,Facebook,faucibus cursus urna ut tellus nulla ut erat id mauris vulputate,6/15/2021,3/26/2020,96804,2260,85,6586.91,69887.1,0.0376106195,9.6099977076
403,Twitter,malesuada in imperdiet et commodo vulputate justo in blandit ultrices enim,6/9/2020,8/12/2021,70625,2807,445,7846.46,27934.04,0.1585322408,2.5600818713
404,Instagram,ligula sit amet eleifend pede libero quis orci nullam molestie,11/12/2022,1/30/2022,72594,4147,798,3312.37,143821.24,0.1924282614,42.4194368383
405,Facebook,erat fermentum justo nec condimentum neque sapien placerat ante nulla,2/5/2021,6/4/2020,61294,2312,966,2074.83,30413.32,0.4178200692,13.6582226014
406,Instagram,id ligula suspendisse ornare consequat lectus in est risus auctor sed,1/14/2022,11/11/2021,78720,8981,954,1088.97,55715.29,0.1062242512,50.1632919181
407,Facebook,tincidunt eget tempus vel pede morbi porttitor lorem id ligula,4/18/2022,11/14/2022,66823,9396,15,3355.0,113610.61,0.001596424,32.8630730253
408,LinkedIn,at velit eu est congue elementum in hac habitasse platea dictumst morbi,9/6/2021,12/10/2020,81804,6033,420,4406.47,151054.78,0.0696171059,33.2802243065
409,LinkedIn,velit id pretium iaculis diam erat fermentum justo nec condimentum,10/2/2020,12/14/2022,70612,5095,349,9589.58,156055.12,0.068498528,15.2734050918
410,LinkedIn,vivamus vel nulla eget eros elementum pellentesque quisque porta volutpat erat,7/25/2022,6/7/2022,30216,3395,165,1821.01,62927.41,0.0486008837,33.5563231394
411,Twitter,suspendisse potenti nullam porttitor lacus at turpis donec posuere metus vitae ipsum,12/19/2020,10/23/2021,27157,9849,543,4690.01,103765.55,0.0551325008,21.1248035718
412,LinkedIn,rhoncus sed vestibulum sit amet cursus id turpis integer aliquet massa id,2/18/2020,9/21/2021,11168,296,13,787.86,26294.45,0.0439189189,32.374520854
413,Facebook,adipiscing molestie hendrerit at vulputate vitae nisl aenean lectus pellentesque eget nunc,11/19/2022,9/2/2021,54981,5659,386,5771.32,120918.12,0.0682099311,19.9515535441
414,Twitter,sed accumsan felis ut at dolor quis odio consequat varius integer ac,9/15/2021,6/15/2022,79228,3883,55,739.56,17115.49,0.0141643059,22.142801125
415,Instagram,volutpat erat quisque erat eros viverra eget congue eget semper rutrum,5/8/2022,2/27/2022,73020,5252,348,5062.54,120105.17,0.0662604722,22.7242905735
416,Twitter,rutrum nulla tellus in sagittis dui vel nisl duis ac nibh,10/13/2020,10/3/2020,58522,5668,692,4715.13,127560.04,0.1220889203,26.0533452948
417,Instagram,vulputate justo in blandit ultrices enim lorem ipsum dolor sit,7/1/2022,8/26/2021,91692,1795,266,6847.22,8815.37,0.148189415,0.2874378215
418,Twitter,ultrices posuere cubilia curae mauris viverra diam vitae quam suspendisse potenti nullam,3/3/2022,11/17/2021,50815,1852,502,239.94,162666.26,0.2710583153,676.9455697258
419,LinkedIn,est donec odio justo sollicitudin ut suscipit a feugiat et eros vestibulum,9/29/2021,1/23/2022,45387,9045,673,2457.75,87474.92,0.074405749,34.5914637372
420,LinkedIn,elementum in hac habitasse platea dictumst morbi vestibulum velit id pretium,2/23/2022,11/7/2022,62510,9381,934,5569.82,107720.15,0.0995629464,18.3399696938
421,Facebook,ut nunc vestibulum ante ipsum primis in faucibus orci luctus,4/9/2022,12/24/2021,77530,1247,809,7270.15,121382.44,0.6487570168,15.6960021458
422,Instagram,odio donec vitae nisi nam ultrices libero non mattis pulvinar nulla,12/14/2022,11/3/2021,72730,7776,569,177.92,1104.87,0.0731738683,5.2099258094
423,LinkedIn,donec ut mauris eget massa tempor convallis nulla neque libero convallis eget,4/27/2020,7/13/2020,54029,1598,581,2364.99,77734.41,0.3635794743,31.8688112846
424,Instagram,nulla nisl nunc nisl duis bibendum felis sed interdum venenatis turpis,6/8/2022,5/7/2020,62724,5668,944,8752.64,27021.3,0.1665490473,2.0872171139
425,Facebook,integer tincidunt ante vel ipsum praesent blandit lacinia erat vestibulum,7/28/2020,8/28/2022,85941,8968,816,2271.49,148849.98,0.0909901873,64.5296655499
426,LinkedIn,pharetra magna vestibulum aliquet ultrices erat tortor sollicitudin mi sit amet lobortis,8/28/2020,8/13/2021,94045,4799,105,6676.84,69261.24,0.0218795582,9.3733562583
427,Twitter,varius nulla facilisi cras non velit nec nisi vulputate nonummy maecenas,9/19/2021,7/12/2020,79416,5145,590,7399.06,125422.29,0.1146744412,15.9511113574
428,Facebook,faucibus cursus urna ut tellus nulla ut erat id mauris vulputate,3/5/2020,3/26/2020,65504,8803,69,2554.78,75286.63,0.007838237,28.4689288314
429,Twitter,justo eu massa donec dapibus duis at velit eu est congue,4/12/2022,4/30/2021,4062,546,711,8288.89,140847.89,1.3021978022,15.9923705104
430,Instagram,vel augue vestibulum ante ipsum primis in faucibus orci luctus et ultrices,4/2/2021,3/6/2022,90011,709,194,4921.74,92538.87,0.2736248237,17.8020639042
431,Instagram,etiam justo etiam pretium iaculis justo in hac habitasse platea dictumst etiam,7/8/2022,2/15/2020,59477,7740,360,8097.31,115333.76,0.0465116279,13.24346604
432,Instagram,commodo vulputate justo in blandit ultrices enim lorem ipsum dolor sit amet,1/31/2021,5/21/2022,74554,7714,831,1228.75,81116.8,0.1077262121,65.0157070193
433,Facebook,in lectus pellentesque at nulla suspendisse potenti cras in purus,6/15/2020,11/2/2021,95521,1373,586,6603.43,169217.43,0.426802622,24.6256869536
434,Facebook,pede ac diam cras pellentesque volutpat dui maecenas tristique est,7/30/2022,8/4/2021,83552,4819,821,3229.51,65316.63,0.1703672961,19.2249350521
435,LinkedIn,nam congue risus semper porta volutpat quam pede lobortis ligula sit,9/20/2021,6/19/2021,64777,7601,753,5198.26,2361.4,0.0990659124,-0.5457326105
436,Twitter,morbi porttitor lorem id ligula suspendisse ornare consequat lectus in,6/10/2022,12/10/2020,40526,2687,948,6026.16,43694.19,0.3528098251,6.2507517225
437,Facebook,tempus sit amet sem fusce consequat nulla nisl nunc nisl,9/26/2022,1/20/2021,22374,8314,779,1985.02,83805.55,0.0936973779,41.2189952746
438,LinkedIn,neque vestibulum eget vulputate ut ultrices vel augue vestibulum ante ipsum,5/27/2022,11/27/2022,9740,6644,848,1170.97,127662.4,0.1276339554,108.0227759891
439,Instagram,nisl nunc rhoncus dui vel sem sed sagittis nam congue risus semper,2/12/2021,10/5/2022,52908,4386,683,5508.62,40617.25,0.1557227542,6.3733984192
440,Twitter,dolor vel est donec odio justo sollicitudin ut suscipit a feugiat et,8/11/2022,9/18/2020,1301,1436,363,8733.88,112834.33,0.2527855153,11.9191527706
441,LinkedIn,quis tortor id nulla ultrices aliquet maecenas leo odio condimentum,9/4/2021,3/6/2020,37108,3188,778,8852.97,104668.18,0.2440401506,10.8229452941
442,Facebook,donec dapibus duis at velit eu est congue elementum in hac habitasse,10/31/2021,9/29/2021,98894,2092,453,4151.29,9886.64,0.2165391969,1.3815825924
443,LinkedIn,duis bibendum morbi non quam nec dui luctus rutrum nulla,8/15/2021,1/12/2022,9302,4907,442,4909.41,19601.91,0.0900754025,2.9927221397
444,Instagram,vestibulum sit amet cursus id turpis integer aliquet massa id lobortis,8/12/2020,9/12/2020,29552,7535,744,2192.36,132262.27,0.098739217,59.3287188236
445,Twitter,blandit lacinia erat vestibulum sed magna at nunc commodo placerat praesent blandit,8/11/2021,9/26/2020,11660,805,703,7794.17,72029.19,0.8732919255,8.2414189067
446,Facebook,nisl ut volutpat sapien arcu sed augue aliquam erat volutpat in,4/13/2020,9/13/2020,35878,2090,773,4882.44,31034.98,0.3698564593,5.3564488248
447,LinkedIn,sit amet justo morbi ut odio cras mi pede malesuada in,7/18/2020,5/20/2021,1081,2255,318,1027.71,120967.35,0.1410199557,116.7057243775
448,Instagram,felis fusce posuere felis sed lacus morbi sem mauris laoreet,3/10/2020,2/17/2021,98389,5642,963,2485.56,34232.08,0.1706841546,12.7723812742
449,LinkedIn,erat tortor sollicitudin mi sit amet lobortis sapien sapien non mi,3/1/2020,5/2/2020,70594,6576,858,324.88,6092.88,0.1304744526,17.7542477222
450,LinkedIn,faucibus accumsan odio curabitur convallis duis consequat dui nec nisi,6/27/2022,11/9/2020,84407,2420,365,4003.79,53597.21,0.1508264463,12.3866186788
451,LinkedIn,morbi porttitor lorem id ligula suspendisse ornare consequat lectus in,3/19/2021,9/23/2020,11385,1202,233,2795.13,111174.41,0.193843594,38.7743253444
452,Facebook,vulputate luctus cum sociis natoque penatibus et magnis dis parturient montes,3/29/2021,7/10/2022,11203,2524,14,628.53,167640.29,0.0055467512,265.7180405072
453,LinkedIn,morbi a ipsum integer a nibh in quis justo maecenas,3/28/2021,9/30/2020,69552,892,513,5009.03,88338.66,0.5751121076,16.6358815978
454,Facebook,pulvinar nulla pede ullamcorper augue a suscipit nulla elit ac,6/11/2021,12/25/2020,58574,1223,297,3078.78,4434.71,0.242845462,0.4404114617
455,Twitter,sapien urna pretium nisl ut volutpat sapien arcu sed augue aliquam erat,11/21/2021,8/4/2021,52602,5428,322,7304.5,62918.58,0.0593220339,7.6136737627
456,Instagram,in porttitor pede justo eu massa donec dapibus duis at velit,7/10/2020,9/25/2022,90342,2193,349,5399.38,59970.21,0.1591427269,10.1068696776
457,Twitter,ante vestibulum ante ipsum primis in faucibus orci luctus et,11/7/2022,7/21/2021,40621,8574,765,9770.12,26454.25,0.089223233,1.7076688925
458,LinkedIn,tempus vivamus in felis eu sapien cursus vestibulum proin eu,7/3/2021,2/21/2020,62737,6228,31,8465.7,9513.68,0.0049775209,0.123791299
459,Twitter,tellus in sagittis dui vel nisl duis ac nibh fusce lacus,2/4/2020,7/24/2020,31420,5470,19,4683.85,52130.47,0.0034734918,10.1298333636
460,Instagram,consectetuer adipiscing elit proin risus praesent lectus vestibulum quam sapien varius,4/29/2021,12/14/2020,22236,1995,464,2634.49,135173.82,0.2325814536,50.3092932598
461,Instagram,mus vivamus vestibulum sagittis sapien cum sociis natoque penatibus et,12/21/2022,5/10/2022,85282,2825,538,2228.58,148840.28,0.1904424779,65.7870482549
462,Facebook,nisi nam ultrices libero non mattis pulvinar nulla pede ullamcorper augue a,7/22/2022,11/1/2021,64740,1939,634,1661.44,9350.38,0.3269726663,4.6278770223
463,LinkedIn,velit eu est congue elementum in hac habitasse platea dictumst,3/22/2020,9/6/2021,14256,1462,69,5531.69,59597.54,0.0471956224,9.7738394596
464,Facebook,tincidunt eu felis fusce posuere felis sed lacus morbi sem,7/20/2021,9/13/2022,69419,8634,446,2975.46,175589.51,0.0516562428,58.0125594026
465,LinkedIn,in faucibus orci luctus et ultrices posuere cubilia curae duis faucibus,7/4/2021,10/30/2021,64751,3886,77,1478.57,33992.44,0.0198147195,21.9900782513
466,Instagram,quam a odio in hac habitasse platea dictumst maecenas ut,7/13/2022,1/28/2022,24567,3309,925,5471.27,167288.18,0.2795406467,29.5757493233
467,Instagram,sed vestibulum sit amet cursus id turpis integer aliquet massa id lobortis,8/10/2020,6/2/2021,84527,8810,218,8502.69,105015.04,0.0247446084,11.3508019227
468,Twitter,ultrices posuere cubilia curae mauris viverra diam vitae quam suspendisse,2/10/2020,5/25/2020,77288,8990,556,7738.83,8869.45,0.0618464961,0.1460970198
469,Instagram,morbi porttitor lorem id ligula suspendisse ornare consequat lectus in,2/2/2020,12/19/2022,41047,2012,320,3972.45,72523.05,0.1590457256,17.2565041725
470,Twitter,lobortis ligula sit amet eleifend pede libero quis orci nullam,4/6/2020,10/3/2022,20142,5426,219,8768.75,152470.87,0.0403612237,16.3879823236
471,Facebook,tempus vivamus in felis eu sapien cursus vestibulum proin eu,9/15/2022,12/5/2020,75054,6826,236,9754.31,38239.37,0.0345736888,2.9202537135
472,LinkedIn,erat vestibulum sed magna at nunc commodo placerat praesent blandit,11/15/2021,7/17/2022,16765,1375,668,3099.64,84598.38,0.4858181818,26.2929695061
473,Twitter,phasellus sit amet erat nulla tempus vivamus in felis eu sapien,1/29/2022,12/4/2021,95982,3688,953,1236.59,126688.18,0.2584056399,101.4496235616
474,Facebook,dui nec nisi volutpat eleifend donec ut dolor morbi vel lectus in,6/5/2021,3/26/2022,27574,6924,26,153.0,51041.54,0.0037550549,332.6048366013
475,Facebook,parturient montes nascetur ridiculus mus vivamus vestibulum sagittis sapien cum sociis,11/15/2020,7/5/2021,31429,64,716,3690.89,107978.63,11.1875,28.2554451636
476,Instagram,pellentesque at nulla suspendisse potenti cras in purus eu magna vulputate luctus,3/9/2020,6/8/2021,22017,5455,677,4786.19,27493.03,0.1241063245,4.7442412441
477,Instagram,nam nulla integer pede justo lacinia eget tincidunt eget tempus vel pede,9/28/2021,2/2/2021,69106,4702,901,9302.34,131735.72,0.191620587,13.1615679496
478,Twitter,molestie nibh in lectus pellentesque at nulla suspendisse potenti cras in purus,10/19/2021,9/7/2021,76299,1143,932,7519.73,8411.78,0.8153980752,0.1186279295
479,Instagram,sit amet consectetuer adipiscing elit proin risus praesent lectus vestibulum quam sapien,11/30/2022,4/23/2020,83263,4789,499,7692.99,107992.31,0.1041971184,13.0377551511
480,Facebook,in quam fringilla rhoncus mauris enim leo rhoncus sed vestibulum sit amet,2/11/2020,5/16/2020,66643,8145,816,9947.73,144551.23,0.1001841621,13.5310769392
481,Facebook,velit vivamus vel nulla eget eros elementum pellentesque quisque porta volutpat,4/25/2020,9/11/2022,80340,2907,724,6729.92,36943.32,0.2490540076,4.4894144358
482,Twitter,augue aliquam erat volutpat in congue etiam justo etiam pretium,1/19/2021,4/10/2022,68902,5955,277,2805.7,174771.42,0.0465155332,61.2915564743
483,Twitter,at nunc commodo placerat praesent blandit nam nulla integer pede justo lacinia,4/3/2020,1/3/2020,33785,6382,906,8194.72,122872.66,0.1419617675,13.9941254857
484,LinkedIn,dolor sit amet consectetuer adipiscing elit proin risus praesent lectus vestibulum quam,10/7/2022,4/26/2020,19938,7895,876,4050.89,27516.36,0.1109563015,5.7926702527
485,Twitter,a ipsum integer a nibh in quis justo maecenas rhoncus aliquam lacus,2/19/2021,8/28/2022,70244,1566,776,599.77,61672.77,0.4955300128,101.8273671574
486,Instagram,ante ipsum primis in faucibus orci luctus et ultrices posuere cubilia,9/4/2022,9/18/2021,41724,5758,707,2512.59,154200.4,0.1227856895,60.3710951648
487,LinkedIn,posuere nonummy integer non velit donec diam neque vestibulum eget vulputate ut,7/10/2022,9/25/2022,80910,8972,875,8830.33,57234.44,0.0975256353,5.4815743013
488,Facebook,lectus pellentesque eget nunc donec quis orci eget orci vehicula condimentum curabitur,4/6/2022,11/18/2022,87850,7749,490,5367.15,168791.78,0.0632339657,30.449052104
489,Twitter,quam nec dui luctus rutrum nulla tellus in sagittis dui vel,11/23/2020,4/26/2020,65949,9216,320,3572.04,6563.93,0.0347222222,0.8375858053
490,Instagram,vel lectus in quam fringilla rhoncus mauris enim leo rhoncus sed,5/4/2021,3/23/2020,90231,8341,13,8778.98,101740.59,0.0015585661,10.5891128582
491,Instagram,tristique fusce congue diam id ornare imperdiet sapien urna pretium,2/16/2022,7/26/2020,60038,7459,970,4005.09,123761.44,0.1300442419,29.9010384286
492,Facebook,fermentum justo nec condimentum neque sapien placerat ante nulla justo aliquam quis,6/6/2021,10/12/2022,21696,4394,241,5506.37,104088.9,0.0548475193,17.9033610164
493,Twitter,in hac habitasse platea dictumst etiam faucibus cursus urna ut tellus,3/5/2020,7/12/2022,45791,6326,46,1547.33,68258.82,0.0072715776,43.1139382032
494,Facebook,pretium iaculis diam erat fermentum justo nec condimentum neque sapien placerat,5/31/2021,4/14/2020,79872,3426,728,3131.73,1325.52,0.2124927029,-0.5767451217
495,Instagram,turpis elementum ligula vehicula consequat morbi a ipsum integer a nibh in,9/21/2020,4/18/2021,32862,3262,196,273.11,173531.84,0.0600858369,634.3917469152
496,LinkedIn,turpis nec euismod scelerisque quam turpis adipiscing lorem vitae mattis nibh ligula,7/2/2021,2/19/2021,94359,3437,123,8954.43,23854.04,0.0357870236,1.6639372914
497,Twitter,ut nulla sed accumsan felis ut at dolor quis odio consequat varius,10/4/2020,8/2/2022,85712,4273,457,8981.75,88620.05,0.1069506202,8.866679656
498,Facebook,lectus in quam fringilla rhoncus mauris enim leo rhoncus sed vestibulum,12/30/2020,7/20/2020,21193,116,162,589.61,110063.63,1.3965517241,185.6719187259
499,Twitter,volutpat quam pede lobortis ligula sit amet eleifend pede libero quis orci,11/14/2020,4/30/2022,11050,4570,66,9647.86,24372.98,0.0144420131,1.5262576364
500,Instagram,vulputate elementum nullam varius nulla facilisi cras non velit nec nisi,7/12/2020,6/8/2020,74621,7741,958,8772.72,65014.16,0.1237566206,6.4109466619
501,Instagram,nunc nisl duis bibendum felis sed interdum venenatis turpis enim,12/9/2020,11/6/2022,83656,4196,48,3537.3,124406.83,0.0114394662,34.1699968903
502,Twitter,arcu sed augue aliquam erat volutpat in congue etiam justo etiam,9/21/2020,8/15/2021,31563,6280,521,9796.34,24403.93,0.0829617834,1.4911272986
503,Facebook,lacus purus aliquet at feugiat non pretium quis lectus suspendisse potenti,4/16/2022,9/15/2022,95997,7487,493,3837.4,6870.72,0.0658474689,0.7904622922
504,LinkedIn,vel enim sit amet nunc viverra dapibus nulla suscipit ligula,5/20/2022,2/13/2021,36708,3565,700,5561.02,6873.89,0.1963534362,0.2360843874
505,Twitter,ac consequat metus sapien ut nunc vestibulum ante ipsum primis in,7/6/2022,2/28/2022,71034,894,284,2339.48,140900.26,0.3176733781,59.2271701404
506,Instagram,convallis morbi odio odio elementum eu interdum eu tincidunt in leo maecenas,10/23/2020,10/14/2021,82729,2719,766,2949.58,179113.75,0.281721221,59.7251710413
507,LinkedIn,convallis duis consequat dui nec nisi volutpat eleifend donec ut dolor,7/16/2022,12/30/2020,50917,147,739,5667.33,1056.98,5.0272108844,-0.8134959496
508,Instagram,scelerisque quam turpis adipiscing lorem vitae mattis nibh ligula nec sem,3/3/2020,1/11/2020,29813,4044,627,4469.25,147787.31,0.1550445104,32.0675862841
509,LinkedIn,non lectus aliquam sit amet diam in magna bibendum imperdiet nullam orci,1/13/2020,7/17/2022,49575,4218,372,7622.54,111866.27,0.0881934566,13.6757209539
510,Instagram,lorem ipsum dolor sit amet consectetuer adipiscing elit proin risus,1/5/2022,11/1/2021,70457,1064,596,3253.59,132243.2,0.5601503759,39.6453179411
511,Facebook,eros elementum pellentesque quisque porta volutpat erat quisque erat eros viverra eget,2/14/2022,12/4/2021,53507,2718,844,769.11,117266.93,0.310522443,151.4709469387
512,Twitter,hac habitasse platea dictumst aliquam augue quam sollicitudin vitae consectetuer,8/5/2021,11/8/2022,87061,705,240,4768.74,166667.45,0.3404255319,33.9499972739
513,LinkedIn,ac neque duis bibendum morbi non quam nec dui luctus,9/29/2022,11/3/2020,36082,9048,916,6407.39,62847.58,0.1012378426,8.8086084974
514,Facebook,morbi vestibulum velit id pretium iaculis diam erat fermentum justo nec condimentum,1/23/2020,2/22/2021,86218,2926,337,4490.29,91236.92,0.1151742994,19.3187143815
515,Twitter,viverra pede ac diam cras pellentesque volutpat dui maecenas tristique est et,4/19/2022,4/15/2021,90944,4866,741,6594.34,164968.84,0.1522811344,24.0167325312
516,Facebook,sagittis dui vel nisl duis ac nibh fusce lacus purus aliquet,10/5/2021,12/16/2021,94279,5907,206,1529.71,74030.81,0.0348738784,47.3953232966
517,LinkedIn,lectus pellentesque at nulla suspendisse potenti cras in purus eu magna,6/18/2021,4/30/2022,28193,1869,285,7942.86,170048.79,0.1524879615,20.4090126227
518,LinkedIn,rhoncus aliquet pulvinar sed nisl nunc rhoncus dui vel sem sed,8/20/2022,5/26/2021,99495,1442,843,3135.08,121080.07,0.5846047157,37.6210463529
519,LinkedIn,ridiculus mus vivamus vestibulum sagittis sapien cum sociis natoque penatibus,4/17/2020,4/5/2021,98888,3239,796,3587.02,173432.86,0.2457548626,47.3501235008
520,LinkedIn,id ornare imperdiet sapien urna pretium nisl ut volutpat sapien arcu,1/17/2022,10/8/2021,46779,9368,794,9460.07,20490.7,0.0847566183,1.1660199132
521,Twitter,proin eu mi nulla ac enim in tempor turpis nec,3/16/2021,2/12/2021,748,6404,88,631.68,66779.05,0.0137414116,104.7165811803
522,Facebook,a suscipit nulla elit ac nulla sed vel enim sit amet nunc,4/17/2022,11/29/2022,82612,9116,89,5543.97,27398.76,0.009763054,3.9420830199
523,Twitter,risus praesent lectus vestibulum quam sapien varius ut blandit non,6/2/2020,12/25/2021,38285,7036,496,6808.82,157770.93,0.0704945992,22.1715524863
524,Facebook,luctus ultricies eu nibh quisque id justo sit amet sapien dignissim,5/26/2020,6/5/2021,28288,9754,54,4067.32,168731.81,0.0055361903,40.4847639232
525,Facebook,nulla sed accumsan felis ut at dolor quis odio consequat varius,2/17/2022,2/1/2021,51021,7128,773,5608.52,84189.36,0.1084455668,14.0109761577
526,LinkedIn,velit nec nisi vulputate nonummy maecenas tincidunt lacus at velit vivamus vel,9/26/2022,8/28/2020,73152,7997,831,2400.81,10151.25,0.1039139677,3.2282604621
527,Twitter,eu tincidunt in leo maecenas pulvinar lobortis est phasellus sit,8/15/2020,11/8/2022,35296,8980,509,390.92,41278.16,0.0566815145,104.5923462601
528,LinkedIn,eu sapien cursus vestibulum proin eu mi nulla ac enim,11/22/2021,3/12/2022,94204,8794,184,9002.6,115487.98,0.0209233568,11.8282918268
529,LinkedIn,erat id mauris vulputate elementum nullam varius nulla facilisi cras non,8/31/2021,2/15/2020,99894,2635,392,4427.78,16089.69,0.1487666034,2.6338052026
530,Facebook,quam pede lobortis ligula sit amet eleifend pede libero quis orci,7/26/2022,3/20/2022,99471,4538,27,5115.2,25864.35,0.0059497576,4.0563712074
531,LinkedIn,blandit non interdum in ante vestibulum ante ipsum primis in faucibus,8/17/2022,2/2/2020,41088,4447,104,7192.54,576.27,0.0233865527,-0.9198794862
532,Twitter,in libero ut massa volutpat convallis morbi odio odio elementum eu interdum,11/12/2022,7/18/2022,79977,2036,67,2049.14,76588.82,0.0329076621,36.3760797212
533,Facebook,faucibus orci luctus et ultrices posuere cubilia curae mauris viverra,2/21/2022,2/2/2021,68323,6441,508,6698.13,93025.76,0.0788697407,12.8883180828
534,Facebook,convallis nulla neque libero convallis eget eleifend luctus ultricies eu nibh quisque,1/31/2021,12/19/2021,25860,6536,986,7010.07,179192.07,0.1508567931,24.5620942444
535,Facebook,sit amet eros suspendisse accumsan tortor quis turpis sed ante,4/12/2021,6/27/2020,90612,8324,849,4390.95,101180.89,0.1019942335,22.0430521869
536,Facebook,leo odio condimentum id luctus nec molestie sed justo pellentesque viverra,9/13/2020,9/4/2021,1132,5279,165,8787.8,154853.62,0.0312559197,16.6214319853
537,Instagram,purus phasellus in felis donec semper sapien a libero nam dui proin,2/3/2021,7/18/2022,3414,582,424,4083.93,5061.09,0.7285223368,0.2392695271
538,Facebook,sapien quis libero nullam sit amet turpis elementum ligula vehicula,4/28/2021,6/8/2020,36387,9853,853,9110.87,13889.94,0.0865726175,0.5245459544
539,Instagram,molestie sed justo pellentesque viverra pede ac diam cras pellentesque,11/26/2021,4/9/2022,33735,8145,381,5782.92,56814.59,0.0467771639,8.8245505731
540,Facebook,feugiat non pretium quis lectus suspendisse potenti in eleifend quam a,10/3/2020,10/2/2022,21737,2079,627,2249.73,65068.08,0.3015873016,27.9226173808
541,Instagram,donec quis orci eget orci vehicula condimentum curabitur in libero ut,1/17/2022,12/20/2020,18275,4518,528,3875.38,64847.94,0.1168658699,15.733311314
542,Instagram,duis ac nibh fusce lacus purus aliquet at feugiat non pretium quis,11/16/2022,1/28/2020,68944,7566,123,9476.93,172038.2,0.0162569389,17.1533682321
543,LinkedIn,id nulla ultrices aliquet maecenas leo odio condimentum id luctus nec molestie,9/20/2021,6/8/2020,88243,7609,392,2875.26,27679.89,0.0515179393,8.6269172179
544,LinkedIn,potenti cras in purus eu magna vulputate luctus cum sociis natoque,3/1/2022,8/10/2022,9800,3555,937,5348.11,992.66,0.2635724332,-0.8143905043
545,Twitter,aliquam non mauris morbi non lectus aliquam sit amet diam in magna,2/11/2020,1/11/2021,26043,5195,895,9067.44,73732.47,0.1722810395,7.131564146
546,Facebook,vestibulum rutrum rutrum neque aenean auctor gravida sem praesent id massa id,7/21/2021,9/2/2022,62352,7011,36,5779.08,63089.1,0.0051347882,9.9168068274
547,LinkedIn,lacus morbi sem mauris laoreet ut rhoncus aliquet pulvinar sed,10/20/2022,10/18/2022,81217,2546,796,6641.74,158138.76,0.3126472899,22.809838988
548,Instagram,pede malesuada in imperdiet et commodo vulputate justo in blandit ultrices enim,9/8/2022,10/29/2020,73861,9002,116,4730.63,13366.32,0.0128860253,1.8254841321
549,LinkedIn,quam sollicitudin vitae consectetuer eget rutrum at lorem integer tincidunt ante,9/1/2020,1/18/2021,32203,2319,662,9958.92,121300.11,0.2854678741,11.1800466316
550,Facebook,tincidunt ante vel ipsum praesent blandit lacinia erat vestibulum sed magna at,5/1/2021,4/8/2020,63455,2626,2,8700.99,10531.23,0.0007616146,0.2103484776
551,LinkedIn,eget orci vehicula condimentum curabitur in libero ut massa volutpat,8/16/2022,11/25/2022,1499,132,393,1160.01,91853.87,2.9772727273,78.1836880717
552,Instagram,nulla ultrices aliquet maecenas leo odio condimentum id luctus nec,12/28/2020,2/25/2020,55459,3932,705,6321.53,114863.37,0.1792980671,17.170185066
553,Facebook,nam ultrices libero non mattis pulvinar nulla pede ullamcorper augue,6/3/2020,3/21/2022,58256,1473,362,7300.82,70513.99,0.2457569586,8.6583657726
554,LinkedIn,et ultrices posuere cubilia curae donec pharetra magna vestibulum aliquet,1/14/2021,11/6/2022,41691,2701,944,3202.19,171211.05,0.3495001851,52.4668617415
555,Twitter,in felis eu sapien cursus vestibulum proin eu mi nulla,7/7/2022,4/14/2021,12684,4682,307,4294.45,98425.84,0.0655702691,21.9193121354
556,Twitter,nisl venenatis lacinia aenean sit amet justo morbi ut odio cras,1/14/2020,7/21/2022,48194,8919,320,9419.45,174516.8,0.0358784617,17.5272813168
557,Instagram,convallis eget eleifend luctus ultricies eu nibh quisque id justo sit,10/24/2022,9/15/2022,76605,9690,4,7161.0,72454.32,0.0004127967,9.1179053205
558,Facebook,sit amet sapien dignissim vestibulum vestibulum ante ipsum primis in faucibus,11/20/2020,6/3/2022,43597,5989,68,9897.79,31300.97,0.0113541493,2.1624200958
559,Instagram,condimentum neque sapien placerat ante nulla justo aliquam quis turpis eget,11/18/2020,5/31/2021,74255,1043,554,3330.38,134801.6,0.5311601151,39.476342039
560,Facebook,auctor sed tristique in tempus sit amet sem fusce consequat,11/6/2021,6/25/2022,39071,2029,371,6537.91,140873.48,0.1828486939,20.5471733322
561,Twitter,non sodales sed tincidunt eu felis fusce posuere felis sed lacus morbi,7/22/2022,10/27/2022,13230,3750,353,3803.85,103737.8,0.0941333333,26.2717904229
562,Facebook,nisl aenean lectus pellentesque eget nunc donec quis orci eget,3/23/2022,7/8/2021,63628,9817,129,503.95,96466.37,0.0131404706,190.4205179085
563,Instagram,dui maecenas tristique est et tempus semper est quam pharetra magna,1/26/2022,7/5/2021,60798,1981,446,8358.79,32143.68,0.2251388188,2.8454943838
564,Twitter,gravida nisi at nibh in hac habitasse platea dictumst aliquam,9/29/2020,11/13/2021,90844,6164,507,5025.01,168320.42,0.0822517846,32.4965343353
565,Instagram,justo nec condimentum neque sapien placerat ante nulla justo aliquam,10/18/2022,8/31/2022,49153,4212,432,2595.52,52764.89,0.1025641026,19.3292172667
566,Facebook,lectus aliquam sit amet diam in magna bibendum imperdiet nullam orci pede,9/22/2021,3/22/2022,33552,2099,699,3026.05,125792.15,0.3330157218,40.5697526478
567,Instagram,hac habitasse platea dictumst aliquam augue quam sollicitudin vitae consectetuer eget rutrum,2/16/2020,2/16/2020,58567,8684,753,8136.37,160598.98,0.086711193,18.738406685
568,LinkedIn,tortor quis turpis sed ante vivamus tortor duis mattis egestas,5/19/2020,8/4/2021,46468,6083,160,5741.84,48972.52,0.0263028111,7.5290638541
569,Facebook,non ligula pellentesque ultrices phasellus id sapien in sapien iaculis congue vivamus,2/11/2022,11/21/2022,69783,6357,799,2803.31,69599.45,0.1256882177,23.8275966625
570,Facebook,pede venenatis non sodales sed tincidunt eu felis fusce posuere,4/26/2022,10/17/2020,98662,5666,219,6808.78,39110.2,0.0386516061,4.7440833747
571,Facebook,lobortis sapien sapien non mi integer ac neque duis bibendum morbi,3/29/2020,3/22/2022,92507,3393,272,7275.42,140070.22,0.0801650457,18.2525270019
572,Instagram,viverra eget congue eget semper rutrum nulla nunc purus phasellus in felis,4/16/2021,1/10/2021,80939,2137,180,7127.68,130458.07,0.0842302293,17.303020057
573,Instagram,vestibulum ante ipsum primis in faucibus orci luctus et ultrices posuere cubilia,4/25/2021,4/22/2020,27487,1006,391,3476.67,46389.07,0.388667992,12.3429603615
574,Instagram,morbi porttitor lorem id ligula suspendisse ornare consequat lectus in,6/23/2022,2/8/2021,11016,5622,715,7478.26,10281.05,0.1271789399,0.3747917296
575,Facebook,sed interdum venenatis turpis enim blandit mi in porttitor pede justo eu,2/21/2020,4/14/2021,99911,2066,501,963.76,3194.09,0.2424975799,2.3141964805
576,Twitter,nulla nisl nunc nisl duis bibendum felis sed interdum venenatis,4/22/2021,4/16/2022,32085,3630,432,9781.89,49995.35,0.1190082645,4.1110112667
577,LinkedIn,consequat morbi a ipsum integer a nibh in quis justo maecenas rhoncus,10/16/2022,12/5/2020,17155,8558,112,8524.74,101129.38,0.0130871699,10.8630456765
578,Instagram,in faucibus orci luctus et ultrices posuere cubilia curae duis,11/14/2021,1/10/2022,11512,802,781,3398.74,39570.46,0.9738154613,10.6426852304
579,Facebook,turpis nec euismod scelerisque quam turpis adipiscing lorem vitae mattis nibh ligula,12/4/2021,5/2/2021,93929,6248,59,9850.27,178612.05,0.0094430218,17.132706007
580,Facebook,nulla sed vel enim sit amet nunc viverra dapibus nulla suscipit,2/25/2021,3/11/2021,20962,5545,301,5384.17,119740.07,0.054283138,21.2392810777
581,Facebook,quis lectus suspendisse potenti in eleifend quam a odio in hac habitasse,7/29/2022,6/11/2021,11630,4248,799,3454.99,92402.25,0.1880885122,25.7445781319
582,LinkedIn,eget elit sodales scelerisque mauris sit amet eros suspendisse accumsan,2/17/2020,8/13/2022,26324,2065,618,8712.36,84790.08,0.2992736077,8.7321598281
583,Twitter,curabitur at ipsum ac tellus semper interdum mauris ullamcorper purus sit,3/5/2021,9/1/2021,47617,5495,394,8917.17,43991.64,0.0717015469,3.9333633877
584,Instagram,consectetuer adipiscing elit proin interdum mauris non ligula pellentesque ultrices phasellus id,7/10/2022,1/28/2021,93404,5782,367,9651.91,11810.82,0.0634728468,0.2236769717
585,Instagram,sed interdum venenatis turpis enim blandit mi in porttitor pede justo,12/5/2021,4/16/2021,16900,2576,964,852.82,15782.61,0.3742236025,17.5063788373
586,Twitter,tempus semper est quam pharetra magna ac consequat metus sapien ut,7/31/2020,9/6/2022,55891,9076,350,866.18,72345.05,0.0385632437,82.5219584844
587,Twitter,nam nulla integer pede justo lacinia eget tincidunt eget tempus vel,12/29/2020,10/1/2020,9625,7375,978,1334.0,165238.29,0.1326101695,122.8667841079
588,Twitter,elit ac nulla sed vel enim sit amet nunc viverra dapibus nulla,7/21/2021,7/6/2020,8353,7050,844,5415.8,168795.56,0.1197163121,30.1672439898
589,LinkedIn,vehicula consequat morbi a ipsum integer a nibh in quis,3/21/2022,8/26/2021,56506,3538,424,7338.5,5284.78,0.1198417185,-0.2798555563
590,Twitter,faucibus orci luctus et ultrices posuere cubilia curae mauris viverra diam vitae,6/26/2020,1/4/2021,39611,6761,279,871.23,78666.39,0.0412660849,89.2934816294
591,Facebook,mus vivamus vestibulum sagittis sapien cum sociis natoque penatibus et,10/3/2020,3/4/2022,30392,370,707,9781.48,96078.23,1.9108108108,8.8224634718
592,Twitter,et magnis dis parturient montes nascetur ridiculus mus etiam vel,2/26/2021,9/21/2022,1808,7544,321,6480.29,15370.32,0.0425503712,1.371856815
593,Instagram,sapien placerat ante nulla justo aliquam quis turpis eget elit sodales scelerisque,8/7/2021,6/22/2020,20589,40,281,9993.33,91568.55,7.025,8.1629666988
594,Twitter,vestibulum ante ipsum primis in faucibus orci luctus et ultrices,12/2/2022,7/30/2021,19391,716,540,9107.13,177507.05,0.7541899441,18.4909977128
595,Twitter,sapien a libero nam dui proin leo odio porttitor id consequat,3/9/2022,1/7/2020,23596,4343,898,2159.59,19342.16,0.2067695142,7.9564037618
596,Instagram,phasellus id sapien in sapien iaculis congue vivamus metus arcu adipiscing molestie,9/3/2022,3/5/2022,33005,9901,341,9411.27,98508.24,0.0344409656,9.4670506744
597,LinkedIn,vivamus metus arcu adipiscing molestie hendrerit at vulputate vitae nisl aenean lectus,11/27/2022,1/20/2021,24188,6832,391,9369.83,47021.92,0.0572306792,4.0184389685
598,Instagram,potenti in eleifend quam a odio in hac habitasse platea,1/22/2022,6/11/2022,67596,8651,767,4139.75,92610.15,0.0886602705,21.3709523522
599,LinkedIn,id lobortis convallis tortor risus dapibus augue vel accumsan tellus nisi,12/29/2020,1/12/2022,79247,8463,296,9028.37,45959.22,0.0349757769,4.0905335072
600,Twitter,turpis elementum ligula vehicula consequat morbi a ipsum integer a,6/4/2022,7/31/2021,69812,8655,859,6430.52,109761.49,0.099248989,16.0688358018
601,LinkedIn,ac est lacinia nisi venenatis tristique fusce congue diam id ornare,6/10/2022,1/30/2022,24835,2029,967,6919.62,38994.27,0.4765894529,4.6353195696
602,Facebook,quam pharetra magna ac consequat metus sapien ut nunc vestibulum,7/21/2021,7/4/2021,13740,7250,553,1098.09,31771.12,0.0762758621,27.9330747024
603,Facebook,adipiscing elit proin interdum mauris non ligula pellentesque ultrices phasellus id,12/18/2022,2/28/2022,565,8363,299,399.05,54173.69,0.0357527203,134.7566470367
604,Twitter,aliquet massa id lobortis convallis tortor risus dapibus augue vel accumsan,7/24/2021,12/23/2021,93157,9270,399,7573.07,44992.37,0.0430420712,4.9411005048
605,LinkedIn,ante vel ipsum praesent blandit lacinia erat vestibulum sed magna at,7/31/2020,8/14/2020,38837,6140,359,9420.52,60493.33,0.0584690554,5.4214427654
606,LinkedIn,in faucibus orci luctus et ultrices posuere cubilia curae donec,2/11/2021,2/2/2020,41539,9145,110,92.9,5233.88,0.0120284308,55.3388589882
607,Facebook,eget massa tempor convallis nulla neque libero convallis eget eleifend luctus,3/6/2020,9/13/2021,22986,7661,763,3321.24,170448.83,0.0995953531,50.3208410112
608,Facebook,luctus ultricies eu nibh quisque id justo sit amet sapien dignissim vestibulum,1/30/2021,10/5/2022,20721,4909,796,7873.81,2929.0,0.1621511509,-0.6280072798
609,Twitter,venenatis tristique fusce congue diam id ornare imperdiet sapien urna pretium,12/23/2021,10/31/2021,23993,9478,662,5765.36,152040.57,0.0698459591,25.3713922461
610,Twitter,nec euismod scelerisque quam turpis adipiscing lorem vitae mattis nibh,8/25/2022,4/4/2020,2451,548,183,7987.67,43821.94,0.3339416058,4.4861981028
611,LinkedIn,ante ipsum primis in faucibus orci luctus et ultrices posuere cubilia,7/28/2021,2/28/2022,33214,4649,821,7813.5,117953.56,0.1765971177,14.0961233762
612,Instagram,neque aenean auctor gravida sem praesent id massa id nisl,5/18/2022,11/19/2021,47422,8848,340,6099.09,54902.7,0.0384267631,8.0017855123
613,LinkedIn,turpis donec posuere metus vitae ipsum aliquam non mauris morbi non,5/31/2021,3/21/2021,61084,9448,68,1053.07,62308.73,0.0071972904,58.1686497574
614,LinkedIn,nulla nunc purus phasellus in felis donec semper sapien a libero,11/14/2020,2/10/2022,262,8782,946,4751.1,87788.25,0.1077203371,17.4774578519
615,Instagram,primis in faucibus orci luctus et ultrices posuere cubilia curae,6/29/2020,5/10/2022,54859,5150,450,5357.88,171641.19,0.0873786408,31.0352807454
616,Instagram,vulputate nonummy maecenas tincidunt lacus at velit vivamus vel nulla eget eros,3/15/2022,1/26/2020,6365,3000,114,9119.09,144631.08,0.038,14.8602535999
617,Twitter,nec nisi volutpat eleifend donec ut dolor morbi vel lectus in quam,9/30/2020,6/7/2022,29033,8620,268,7966.85,43958.92,0.0310904872,4.5177290899
618,Instagram,ornare imperdiet sapien urna pretium nisl ut volutpat sapien arcu sed,10/17/2021,8/8/2021,9135,7727,338,6112.96,101874.64,0.0437427203,15.6653536094
619,Instagram,justo in blandit ultrices enim lorem ipsum dolor sit amet,2/10/2020,9/12/2021,41070,8312,836,9408.8,118060.64,0.1005774783,11.5478955871
620,LinkedIn,quam pede lobortis ligula sit amet eleifend pede libero quis orci,3/7/2021,8/25/2021,17334,447,335,6516.78,77443.72,0.7494407159,10.8837401293
621,Twitter,quisque erat eros viverra eget congue eget semper rutrum nulla,8/30/2020,7/10/2020,62315,7335,54,5391.47,42400.61,0.0073619632,6.8643876345
622,LinkedIn,morbi vel lectus in quam fringilla rhoncus mauris enim leo rhoncus sed,7/5/2021,8/10/2021,12700,4352,344,7994.52,68019.15,0.0790441176,7.508221882
623,LinkedIn,etiam vel augue vestibulum rutrum rutrum neque aenean auctor gravida sem,2/12/2022,1/7/2020,14429,7569,163,2267.67,59961.28,0.0215352094,25.4418014967
624,Facebook,at velit eu est congue elementum in hac habitasse platea,6/19/2021,5/5/2021,67506,3700,206,1110.39,47405.29,0.0556756757,41.692468412
625,Instagram,vel accumsan tellus nisi eu orci mauris lacinia sapien quis libero,7/16/2022,10/29/2022,89986,8515,679,4241.43,51569.44,0.0797416324,11.1585031463
626,LinkedIn,curabitur gravida nisi at nibh in hac habitasse platea dictumst aliquam,3/19/2022,10/8/2022,76020,6365,433,8363.77,137098.1,0.0680282797,15.3919022163
627,Twitter,quam sollicitudin vitae consectetuer eget rutrum at lorem integer tincidunt,6/21/2021,8/13/2020,36019,6416,876,2564.09,19576.18,0.1365336658,6.6347476103
628,LinkedIn,tristique fusce congue diam id ornare imperdiet sapien urna pretium,2/11/2022,3/25/2020,16878,2446,535,3862.86,166004.94,0.2187244481,41.9746198413
629,Facebook,curabitur at ipsum ac tellus semper interdum mauris ullamcorper purus sit amet,11/7/2022,11/3/2021,35608,0,300,1309.15,21767.09,Inf,15.6268876752
630,Instagram,eleifend luctus ultricies eu nibh quisque id justo sit amet sapien dignissim,1/25/2020,12/17/2021,839,4574,238,2036.17,38605.84,0.0520332313,17.9600278955
631,Instagram,non interdum in ante vestibulum ante ipsum primis in faucibus,9/21/2020,3/3/2020,46510,3569,733,6192.41,80215.01,0.2053796582,11.9537627515
632,LinkedIn,sit amet eros suspendisse accumsan tortor quis turpis sed ante vivamus tortor,8/24/2020,4/14/2021,45046,2500,489,7450.23,126995.67,0.1956,16.0458724093
633,Facebook,iaculis congue vivamus metus arcu adipiscing molestie hendrerit at vulputate,1/2/2022,9/12/2021,77628,3208,175,1697.65,163525.67,0.0545511222,95.3247253556
634,LinkedIn,turpis nec euismod scelerisque quam turpis adipiscing lorem vitae mattis,7/15/2021,11/19/2022,69930,3200,70,5417.88,65470.63,0.021875,11.0841786824
635,Instagram,ornare consequat lectus in est risus auctor sed tristique in tempus sit,9/28/2020,2/22/2020,98531,8942,250,4945.13,113091.53,0.0279579512,21.8692734064
636,Facebook,turpis nec euismod scelerisque quam turpis adipiscing lorem vitae mattis nibh,7/30/2021,5/6/2020,85764,5334,482,3226.79,44499.73,0.0903637045,12.7907115121
637,LinkedIn,nulla nunc purus phasellus in felis donec semper sapien a,3/20/2021,12/15/2021,82209,9428,315,6189.82,42766.09,0.0334111158,5.9091007493
638,Instagram,non lectus aliquam sit amet diam in magna bibendum imperdiet nullam,3/10/2021,11/12/2021,19900,1134,364,3172.22,67103.71,0.3209876543,20.1535486189
639,Twitter,dolor sit amet consectetuer adipiscing elit proin interdum mauris non,2/9/2021,6/22/2022,92719,1147,725,2972.36,117874.6,0.6320836966,38.6569056238
640,LinkedIn,leo pellentesque ultrices mattis odio donec vitae nisi nam ultrices libero,7/12/2021,5/18/2020,70981,1397,36,6391.68,17706.21,0.0257695061,1.770196568
641,LinkedIn,morbi ut odio cras mi pede malesuada in imperdiet et,6/26/2022,8/29/2022,28134,4151,631,2624.21,157174.73,0.1520115635,58.8941128949
642,LinkedIn,in sagittis dui vel nisl duis ac nibh fusce lacus purus,8/21/2021,1/30/2022,99294,240,580,9467.95,26025.09,2.4166666667,1.7487565946
643,Instagram,id pretium iaculis diam erat fermentum justo nec condimentum neque sapien placerat,11/17/2020,3/21/2021,27224,1989,173,8995.83,34975.9,0.0869783811,2.8880125569
644,Twitter,condimentum id luctus nec molestie sed justo pellentesque viverra pede ac diam,4/23/2022,5/31/2021,58332,6189,338,4910.63,93488.68,0.0546130231,18.038021598
645,Instagram,porta volutpat erat quisque erat eros viverra eget congue eget,1/23/2020,6/1/2022,72741,7785,483,3724.43,55772.11,0.0620423892,13.9746699495
646,Facebook,et magnis dis parturient montes nascetur ridiculus mus vivamus vestibulum sagittis,5/18/2021,8/27/2021,53922,9978,495,7872.18,123154.5,0.0496091401,14.6442688048
647,LinkedIn,libero convallis eget eleifend luctus ultricies eu nibh quisque id justo,3/26/2020,8/30/2022,23197,2703,273,8407.41,36526.97,0.1009988901,3.3446162373
648,Twitter,turpis elementum ligula vehicula consequat morbi a ipsum integer a nibh in,1/25/2021,10/13/2021,34623,4774,386,9262.21,144536.07,0.0808546292,14.6049225833
649,Facebook,nisi nam ultrices libero non mattis pulvinar nulla pede ullamcorper augue,2/2/2021,8/19/2020,49227,1947,235,7365.56,4081.52,0.1206985105,-0.4458642656
650,Instagram,et ultrices posuere cubilia curae duis faucibus accumsan odio curabitur,5/12/2020,11/12/2022,46868,1021,610,6883.96,102239.43,0.597453477,13.8518338282
651,Facebook,amet justo morbi ut odio cras mi pede malesuada in,6/3/2022,8/27/2022,27394,1937,188,1101.11,83685.11,0.0970573051,75.0006811309
652,LinkedIn,lacinia aenean sit amet justo morbi ut odio cras mi pede,10/4/2020,10/27/2020,60737,403,501,9999.65,8837.87,1.2431761787,-0.1161820664
653,Facebook,augue aliquam erat volutpat in congue etiam justo etiam pretium iaculis justo,8/23/2022,4/27/2022,99839,5015,850,2733.57,70325.03,0.1694915254,24.7264419788
654,LinkedIn,rutrum ac lobortis vel dapibus at diam nam tristique tortor eu,11/6/2020,2/15/2021,82241,2226,745,5516.63,109901.65,0.3346810422,18.921881656
655,LinkedIn,mus vivamus vestibulum sagittis sapien cum sociis natoque penatibus et magnis dis,8/27/2021,8/18/2022,53397,2070,779,2497.42,93547.61,0.3763285024,36.4577003468
656,Instagram,risus praesent lectus vestibulum quam sapien varius ut blandit non interdum,7/25/2022,8/30/2022,42957,1074,209,9039.91,31360.88,0.1945996276,2.4691584319
657,LinkedIn,sociis natoque penatibus et magnis dis parturient montes nascetur ridiculus,1/31/2020,5/2/2021,26421,613,608,4978.94,148237.81,0.9918433931,28.7729657317
658,Instagram,non pretium quis lectus suspendisse potenti in eleifend quam a odio in,6/27/2022,9/14/2020,6113,2347,885,4388.97,125355.11,0.3770771197,27.5613959539
659,Instagram,eget congue eget semper rutrum nulla nunc purus phasellus in felis donec,10/14/2021,3/16/2021,94283,8921,819,2872.26,154243.39,0.0918058514,52.7010542221
660,Twitter,vestibulum aliquet ultrices erat tortor sollicitudin mi sit amet lobortis sapien sapien,4/28/2021,11/27/2021,85966,5058,509,4664.45,120838.89,0.1006326611,24.906353375
661,LinkedIn,cubilia curae mauris viverra diam vitae quam suspendisse potenti nullam porttitor,8/7/2020,5/4/2021,10713,559,42,9328.67,3257.94,0.0751341682,-0.650760505
662,Twitter,cubilia curae duis faucibus accumsan odio curabitur convallis duis consequat dui nec,5/31/2021,10/6/2020,33686,4060,698,6052.46,177464.66,0.1719211823,28.3210793628
663,LinkedIn,curabitur in libero ut massa volutpat convallis morbi odio odio elementum eu,8/19/2020,10/30/2022,28155,2670,612,2823.65,140670.17,0.2292134831,48.8185575408
664,LinkedIn,sit amet erat nulla tempus vivamus in felis eu sapien cursus,2/11/2022,10/16/2021,74126,7791,69,7046.04,24331.09,0.0088563727,2.453158086
665,Twitter,purus aliquet at feugiat non pretium quis lectus suspendisse potenti in,3/14/2020,10/1/2022,74893,4573,893,1191.12,159082.71,0.1952766237,132.5572486399
666,Instagram,luctus et ultrices posuere cubilia curae nulla dapibus dolor vel,10/15/2021,12/24/2022,39224,6164,156,2244.49,77745.88,0.0253082414,33.6385504057
667,Facebook,montes nascetur ridiculus mus etiam vel augue vestibulum rutrum rutrum,3/25/2021,3/24/2021,80671,7678,353,6552.58,105126.36,0.0459755145,15.0435065272
668,Twitter,duis faucibus accumsan odio curabitur convallis duis consequat dui nec nisi volutpat,9/14/2020,3/29/2020,77424,9877,651,6108.49,101141.93,0.0659107016,15.5575993412
669,Facebook,bibendum felis sed interdum venenatis turpis enim blandit mi in porttitor,5/20/2021,4/8/2022,98749,9513,22,9441.72,18278.76,0.0023126248,0.9359565842
670,Facebook,mattis nibh ligula nec sem duis aliquam convallis nunc proin,9/23/2020,12/20/2022,41108,6563,319,1351.06,99503.75,0.0486058205,72.6486536497
671,Facebook,amet lobortis sapien sapien non mi integer ac neque duis bibendum morbi,7/12/2022,9/27/2021,41999,8377,714,6265.19,57117.16,0.0852333771,8.116588643
672,Instagram,ac est lacinia nisi venenatis tristique fusce congue diam id ornare,8/24/2021,1/31/2022,78204,8423,662,4138.34,51979.54,0.0785943251,11.5604807725
673,Instagram,pellentesque volutpat dui maecenas tristique est et tempus semper est quam pharetra,5/8/2020,12/25/2022,97566,9255,615,487.07,178039.92,0.0664505673,364.5325107274
674,LinkedIn,eros suspendisse accumsan tortor quis turpis sed ante vivamus tortor duis,9/13/2020,9/19/2020,1428,9047,478,4524.82,58171.18,0.052835194,11.856020792
675,LinkedIn,donec diam neque vestibulum eget vulputate ut ultrices vel augue vestibulum,2/20/2020,5/2/2021,41717,379,774,4821.81,19525.72,2.0422163588,3.0494586058
676,LinkedIn,ut nunc vestibulum ante ipsum primis in faucibus orci luctus,1/22/2020,5/2/2022,91824,8495,115,3485.87,52226.55,0.0135373749,13.9823573455
677,Twitter,imperdiet et commodo vulputate justo in blandit ultrices enim lorem ipsum,5/25/2020,7/23/2020,25416,8591,549,1722.21,48937.87,0.0639040857,27.4157390794
678,LinkedIn,ut erat curabitur gravida nisi at nibh in hac habitasse platea dictumst,5/24/2021,11/2/2021,40720,4965,796,9879.56,163331.69,0.1603222558,15.5322838264
679,Twitter,justo nec condimentum neque sapien placerat ante nulla justo aliquam,4/26/2020,6/9/2021,63007,9785,937,7297.4,140770.74,0.0957588145,18.2905336147
680,Instagram,donec ut dolor morbi vel lectus in quam fringilla rhoncus mauris enim,5/18/2021,4/7/2021,89248,8393,892,388.21,139758.69,0.1062790421,359.0079596095
681,Twitter,viverra eget congue eget semper rutrum nulla nunc purus phasellus in,3/8/2021,2/20/2020,650,8656,93,1407.65,145002.2,0.0107439926,102.0101232551
682,Facebook,curae duis faucibus accumsan odio curabitur convallis duis consequat dui,3/28/2021,11/9/2020,39877,8044,855,6325.25,1471.04,0.1062904028,-0.7674336983
683,Facebook,eu tincidunt in leo maecenas pulvinar lobortis est phasellus sit,2/18/2021,2/1/2022,43807,9169,248,7662.23,20306.37,0.0270476606,1.6501906103
684,Instagram,amet turpis elementum ligula vehicula consequat morbi a ipsum integer,3/28/2022,3/12/2022,70863,4134,323,7057.28,124005.13,0.0781325593,16.5712356602
685,LinkedIn,pretium quis lectus suspendisse potenti in eleifend quam a odio,4/15/2020,6/11/2020,64844,6510,828,2394.48,77869.83,0.1271889401,31.5205597875
686,Facebook,in tempor turpis nec euismod scelerisque quam turpis adipiscing lorem vitae mattis,7/26/2022,10/28/2021,40360,6445,451,4667.94,72121.87,0.0699767261,14.4504706573
687,Facebook,hac habitasse platea dictumst etiam faucibus cursus urna ut tellus nulla ut,3/11/2022,6/6/2020,48364,712,863,821.12,142419.34,1.2120786517,172.4452211613
688,LinkedIn,lectus suspendisse potenti in eleifend quam a odio in hac,1/16/2021,5/6/2022,60215,5695,396,5009.73,173491.71,0.0695346795,33.630950171
689,LinkedIn,sed ante vivamus tortor duis mattis egestas metus aenean fermentum donec,11/8/2021,8/20/2020,29830,6505,972,329.54,151750.67,0.1494235204,459.4924136675
690,Instagram,nibh fusce lacus purus aliquet at feugiat non pretium quis lectus suspendisse,10/24/2022,9/18/2022,62502,8140,277,1461.39,159404.75,0.034029484,108.0774878711
691,Facebook,at feugiat non pretium quis lectus suspendisse potenti in eleifend quam a,3/12/2020,9/23/2021,45206,5188,17,6434.21,44991.79,0.0032767926,5.9925896108
692,Instagram,vestibulum ac est lacinia nisi venenatis tristique fusce congue diam id ornare,11/27/2021,3/2/2021,63224,2841,710,696.4,86918.57,0.2499120028,123.8112722573
693,Instagram,a feugiat et eros vestibulum ac est lacinia nisi venenatis tristique,6/15/2021,2/18/2021,14535,6173,382,9974.86,77037.74,0.0618823911,6.7231900999
694,Facebook,morbi ut odio cras mi pede malesuada in imperdiet et commodo vulputate,10/27/2022,1/19/2021,31740,2431,800,2973.86,19486.45,0.329082682,5.5525781308
695,Instagram,sed accumsan felis ut at dolor quis odio consequat varius integer,1/2/2020,12/30/2021,90315,6229,1,7724.71,41488.94,0.0001605394,4.370938197
696,Instagram,tincidunt ante vel ipsum praesent blandit lacinia erat vestibulum sed,10/18/2021,1/22/2020,80067,5563,503,9232.55,93842.62,0.0904188388,9.164322966
697,Facebook,mus vivamus vestibulum sagittis sapien cum sociis natoque penatibus et magnis,7/2/2020,10/14/2022,42290,4935,768,1850.81,166797.2,0.1556231003,89.1211901816
698,Facebook,tortor quis turpis sed ante vivamus tortor duis mattis egestas metus,1/25/2022,3/27/2022,67508,6995,732,6562.07,159995.76,0.1046461758,23.3819038809
699,Instagram,maecenas tincidunt lacus at velit vivamus vel nulla eget eros elementum,5/12/2021,10/24/2020,62234,150,23,7739.68,158369.06,0.1533333333,19.4619648358
700,Instagram,ipsum primis in faucibus orci luctus et ultrices posuere cubilia curae,10/20/2022,1/8/2021,7902,769,124,3995.19,14242.49,0.1612483745,2.5649093034
701,Twitter,in felis donec semper sapien a libero nam dui proin,12/3/2021,8/8/2021,33219,3928,524,5763.99,155961.18,0.133401222,26.0578505514
702,Twitter,in quis justo maecenas rhoncus aliquam lacus morbi quis tortor id nulla,9/16/2020,9/29/2022,50665,3987,500,8006.12,162440.51,0.1254075746,19.2895422502
703,Twitter,tellus in sagittis dui vel nisl duis ac nibh fusce lacus,1/9/2022,1/2/2020,56015,4906,366,7375.75,14831.77,0.0746025275,1.0108829611
704,LinkedIn,cubilia curae nulla dapibus dolor vel est donec odio justo sollicitudin ut,11/11/2021,1/14/2020,80015,6715,167,3824.33,120927.24,0.0248696947,30.6205034607
705,Facebook,blandit mi in porttitor pede justo eu massa donec dapibus duis at,11/28/2021,5/29/2022,20784,8457,367,1258.57,132999.69,0.0433960033,104.6752425372
706,Facebook,faucibus cursus urna ut tellus nulla ut erat id mauris vulputate elementum,7/7/2021,3/14/2020,65501,6743,170,3994.99,58407.51,0.0252113303,13.6201892871
707,Facebook,amet sapien dignissim vestibulum vestibulum ante ipsum primis in faucibus,11/5/2021,8/7/2022,92346,5900,93,3752.04,99916.85,0.0157627119,25.6300066097
708,Twitter,suspendisse accumsan tortor quis turpis sed ante vivamus tortor duis,4/9/2022,4/16/2021,47370,6544,56,6197.87,122182.14,0.0085574572,18.7135693391
709,Facebook,sodales sed tincidunt eu felis fusce posuere felis sed lacus,5/7/2020,4/17/2022,86210,755,777,6681.17,55685.51,1.0291390728,7.3346943724
710,Facebook,id turpis integer aliquet massa id lobortis convallis tortor risus dapibus augue,6/5/2020,12/15/2020,26207,3309,652,5263.84,58678.04,0.1970383802,10.1473828992
711,Twitter,tincidunt eu felis fusce posuere felis sed lacus morbi sem mauris laoreet,5/31/2021,12/11/2020,82125,9532,683,7179.49,117375.19,0.0716533781,15.3486807559
712,LinkedIn,gravida sem praesent id massa id nisl venenatis lacinia aenean sit amet,10/18/2020,11/18/2020,59829,5190,130,5345.46,175326.3,0.0250481696,31.7991042866
713,Twitter,sed accumsan felis ut at dolor quis odio consequat varius integer,8/14/2020,8/16/2020,51427,5274,997,1684.71,129329.84,0.1890405764,75.7668263381
714,Facebook,quis tortor id nulla ultrices aliquet maecenas leo odio condimentum id luctus,1/27/2020,8/19/2021,98980,5877,684,8383.32,168718.06,0.1163859112,19.1254467204
715,Twitter,pede posuere nonummy integer non velit donec diam neque vestibulum eget vulputate,5/12/2022,4/10/2020,8387,9855,751,9649.83,79222.45,0.0762049721,7.2097249382
716,Facebook,quis orci eget orci vehicula condimentum curabitur in libero ut,5/24/2021,9/7/2021,28974,2337,60,1962.85,35083.32,0.0256739409,16.8736632957
717,LinkedIn,risus semper porta volutpat quam pede lobortis ligula sit amet eleifend,2/6/2022,4/15/2020,44640,1573,456,8987.76,175317.47,0.2898919263,18.5062473853
718,Instagram,vulputate justo in blandit ultrices enim lorem ipsum dolor sit amet,9/21/2020,7/11/2022,17106,5010,439,4758.3,30413.28,0.0876247505,5.3916272618
719,Facebook,morbi vestibulum velit id pretium iaculis diam erat fermentum justo nec condimentum,6/11/2020,4/4/2020,76012,6195,418,5093.34,173261.77,0.0674737692,33.0173186946
720,Instagram,consequat dui nec nisi volutpat eleifend donec ut dolor morbi,6/7/2020,12/31/2020,59970,3984,366,3503.05,8229.67,0.0918674699,1.3492870499
721,LinkedIn,vulputate ut ultrices vel augue vestibulum ante ipsum primis in,11/24/2020,2/11/2020,33757,2257,563,6344.3,72161.22,0.2494461675,10.3741815488
722,LinkedIn,posuere nonummy integer non velit donec diam neque vestibulum eget vulputate,5/19/2022,4/17/2021,51541,4592,344,6855.66,67337.75,0.074912892,8.8222125951
723,Facebook,curabitur at ipsum ac tellus semper interdum mauris ullamcorper purus sit amet,8/7/2022,1/17/2021,53192,2722,243,7972.4,140836.28,0.0892725937,16.6654809091
724,LinkedIn,amet lobortis sapien sapien non mi integer ac neque duis,8/13/2021,2/22/2020,79546,3847,484,2219.08,42798.21,0.1258123213,18.2864655623
725,Twitter,convallis eget eleifend luctus ultricies eu nibh quisque id justo sit,6/3/2021,6/30/2020,31583,4485,422,3803.67,90059.89,0.0940914158,22.6771039549
726,Twitter,faucibus orci luctus et ultrices posuere cubilia curae duis faucibus accumsan,3/30/2022,2/4/2022,11478,2348,915,8652.74,27621.87,0.389693356,2.1922685762
727,Facebook,nulla dapibus dolor vel est donec odio justo sollicitudin ut suscipit a,2/27/2022,1/27/2022,75588,1069,72,1351.92,67329.96,0.067352666,48.8032132079
728,Twitter,nibh fusce lacus purus aliquet at feugiat non pretium quis lectus suspendisse,11/4/2021,9/25/2020,95473,4081,589,4077.94,42630.45,0.1443273707,9.4539179095
729,Twitter,ut blandit non interdum in ante vestibulum ante ipsum primis,3/15/2022,9/30/2020,48693,371,33,2766.48,111367.77,0.0889487871,39.2561269194
730,Facebook,nibh fusce lacus purus aliquet at feugiat non pretium quis lectus,3/10/2020,9/20/2022,35432,2032,79,7909.69,38663.74,0.0388779528,3.8881485874
731,Facebook,nec dui luctus rutrum nulla tellus in sagittis dui vel nisl duis,3/26/2022,1/4/2022,48962,4046,292,4554.24,61989.7,0.0721700445,12.6114258361
732,Instagram,sit amet nunc viverra dapibus nulla suscipit ligula in lacus,2/8/2020,7/11/2022,81319,8273,129,0.02,42770.12,0.0155928925,2138505.0000000005
733,LinkedIn,amet diam in magna bibendum imperdiet nullam orci pede venenatis,5/14/2021,6/27/2021,89551,6659,869,3963.14,174239.05,0.1305000751,42.9648990447
734,LinkedIn,nec sem duis aliquam convallis nunc proin at turpis a pede,2/9/2022,3/18/2021,56461,6689,853,1495.05,99524.77,0.1275227986,65.5695261028
735,Instagram,sed ante vivamus tortor duis mattis egestas metus aenean fermentum,11/11/2022,3/11/2021,14173,4689,409,3851.59,136823.92,0.0872254212,34.5240095649
736,LinkedIn,tempus sit amet sem fusce consequat nulla nisl nunc nisl duis bibendum,9/23/2021,3/11/2020,79100,9751,262,8596.63,129888.2,0.0268690391,14.1091997678
737,Twitter,semper interdum mauris ullamcorper purus sit amet nulla quisque arcu libero,4/25/2022,1/29/2022,72081,3627,408,6479.6,176994.7,0.1124896609,26.3156830669
738,LinkedIn,in porttitor pede justo eu massa donec dapibus duis at,6/12/2021,5/1/2020,71705,6443,428,9290.37,83522.03,0.0664286823,7.9901726196
739,Facebook,neque libero convallis eget eleifend luctus ultricies eu nibh quisque id,12/19/2020,7/1/2021,11087,9365,257,1156.41,107495.88,0.0274426054,91.9565465536
740,LinkedIn,ac tellus semper interdum mauris ullamcorper purus sit amet nulla quisque arcu,1/14/2020,1/28/2022,78098,887,533,7560.07,27517.0,0.6009019166,2.6397811131
741,Facebook,congue vivamus metus arcu adipiscing molestie hendrerit at vulputate vitae nisl,9/22/2021,6/13/2020,56948,7620,296,7575.1,126366.0,0.0388451444,15.6817599768
742,LinkedIn,sagittis sapien cum sociis natoque penatibus et magnis dis parturient,5/17/2022,1/31/2021,20889,4802,514,1816.03,76674.4,0.1070387339,41.2208884214
743,Instagram,cras pellentesque volutpat dui maecenas tristique est et tempus semper est quam,9/27/2021,6/11/2022,4949,3153,977,9408.18,167903.62,0.3098636219,16.8465569324
744,LinkedIn,augue luctus tincidunt nulla mollis molestie lorem quisque ut erat curabitur gravida,9/25/2021,8/8/2022,58191,1864,582,5129.56,161789.65,0.3122317597,30.5406487106
745,Instagram,enim in tempor turpis nec euismod scelerisque quam turpis adipiscing lorem vitae,9/21/2021,1/21/2022,78137,7489,542,956.7,103404.29,0.0723728135,107.084342009
746,Instagram,nulla justo aliquam quis turpis eget elit sodales scelerisque mauris sit,10/1/2021,8/14/2021,93530,9995,971,7928.16,121302.22,0.0971485743,14.300173054
747,Twitter,ac consequat metus sapien ut nunc vestibulum ante ipsum primis in,9/17/2020,9/4/2020,82018,7436,368,7436.39,44153.74,0.0494889726,4.9375234489
748,Instagram,ligula nec sem duis aliquam convallis nunc proin at turpis a pede,11/6/2021,2/23/2020,78673,4475,201,3303.42,125724.09,0.0449162011,37.0587663694
749,Twitter,id sapien in sapien iaculis congue vivamus metus arcu adipiscing,6/11/2022,2/1/2020,21243,6645,712,8529.91,105946.13,0.1071482318,11.4205448827
750,LinkedIn,nisi at nibh in hac habitasse platea dictumst aliquam augue,5/8/2022,5/31/2020,14558,7779,386,3854.93,64879.06,0.0496207739,15.8301525579
751,Facebook,amet cursus id turpis integer aliquet massa id lobortis convallis tortor,3/17/2020,5/30/2021,53729,9569,814,5422.75,43217.28,0.0850663601,6.9696242681
752,Facebook,quam pharetra magna ac consequat metus sapien ut nunc vestibulum ante,10/1/2020,4/18/2021,3278,2944,401,5749.98,46462.96,0.1362092391,7.0805428888
753,Twitter,turpis enim blandit mi in porttitor pede justo eu massa donec dapibus,4/28/2020,6/15/2022,54572,2563,184,7045.42,132681.92,0.0717908701,17.8323648555
754,Facebook,est phasellus sit amet erat nulla tempus vivamus in felis eu sapien,4/28/2022,5/27/2020,99855,1750,165,1265.31,114527.13,0.0942857143,89.5130995566
755,Facebook,quis tortor id nulla ultrices aliquet maecenas leo odio condimentum id luctus,9/30/2021,4/3/2021,11512,4559,786,7579.58,54485.95,0.1724062294,6.1885183612
756,Twitter,placerat praesent blandit nam nulla integer pede justo lacinia eget tincidunt,11/20/2020,4/27/2022,72294,9310,941,4992.47,161036.84,0.1010741139,31.2559454539
757,LinkedIn,rhoncus aliquet pulvinar sed nisl nunc rhoncus dui vel sem,11/11/2022,11/4/2020,59022,9342,15,8176.92,43129.0,0.0016056519,4.2744798775
758,Instagram,nascetur ridiculus mus vivamus vestibulum sagittis sapien cum sociis natoque,7/30/2021,8/23/2020,4140,4064,772,7516.47,53640.41,0.1899606299,6.1363831692
759,Twitter,facilisi cras non velit nec nisi vulputate nonummy maecenas tincidunt lacus at,7/5/2022,11/16/2021,80330,1708,432,2696.06,111260.28,0.2529274005,40.2677314303
760,LinkedIn,orci luctus et ultrices posuere cubilia curae mauris viverra diam,6/4/2020,10/8/2021,62935,2172,319,100.25,154106.29,0.1468692449,1536.2198503741
761,LinkedIn,sapien placerat ante nulla justo aliquam quis turpis eget elit,2/18/2022,9/3/2022,53439,8538,140,607.04,124989.91,0.0163972827,204.9006161044
762,LinkedIn,turpis enim blandit mi in porttitor pede justo eu massa donec dapibus,3/24/2020,5/1/2022,97676,2815,627,8250.2,166171.77,0.2227353464,19.1415444474
763,Instagram,rutrum at lorem integer tincidunt ante vel ipsum praesent blandit,8/18/2022,10/30/2021,43548,8531,244,1972.65,102433.39,0.0286015707,50.9267939067
764,Twitter,duis bibendum morbi non quam nec dui luctus rutrum nulla tellus in,3/19/2022,3/6/2022,41522,8417,576,5082.6,93376.14,0.0684329333,17.3717270688
765,Facebook,molestie sed justo pellentesque viverra pede ac diam cras pellentesque volutpat dui,6/27/2021,10/27/2021,15342,1816,871,6404.3,29676.65,0.4796255507,3.6338631857
766,LinkedIn,orci luctus et ultrices posuere cubilia curae mauris viverra diam vitae quam,10/25/2020,9/25/2021,90234,1307,619,2287.96,155226.68,0.4736036725,66.845014773
767,LinkedIn,elit proin risus praesent lectus vestibulum quam sapien varius ut blandit,6/19/2020,12/16/2021,21289,5984,613,1242.35,29461.45,0.1024398396,22.7142914638
768,Facebook,metus arcu adipiscing molestie hendrerit at vulputate vitae nisl aenean,5/7/2021,4/2/2021,66020,2768,124,8109.85,23979.84,0.0447976879,1.956878364
769,LinkedIn,platea dictumst aliquam augue quam sollicitudin vitae consectetuer eget rutrum at lorem,1/4/2020,2/12/2020,94783,8348,270,43.15,58129.84,0.0323430762,1346.1573580533
770,Twitter,iaculis justo in hac habitasse platea dictumst etiam faucibus cursus urna,12/28/2022,6/8/2022,9850,5107,441,9091.72,94714.38,0.0863520658,9.4176525454
771,LinkedIn,curae mauris viverra diam vitae quam suspendisse potenti nullam porttitor,11/11/2022,4/17/2021,93775,4032,7,1217.79,127280.92,0.0017361111,103.5179546556
772,Facebook,et tempus semper est quam pharetra magna ac consequat metus sapien ut,8/30/2020,6/13/2021,71954,1687,98,4503.06,53724.87,0.0580912863,10.930747092
773,Instagram,eu massa donec dapibus duis at velit eu est congue,7/3/2022,7/18/2022,70787,1042,557,5915.08,127612.0,0.5345489443,20.5740108333
774,Instagram,mattis pulvinar nulla pede ullamcorper augue a suscipit nulla elit ac nulla,1/15/2022,8/7/2022,78287,5671,335,5405.91,323.18,0.059072474,-0.9402172807
775,Facebook,nulla mollis molestie lorem quisque ut erat curabitur gravida nisi at,2/12/2022,8/20/2020,41277,5599,988,1971.83,29346.41,0.1764600822,13.8828296557
776,LinkedIn,nunc proin at turpis a pede posuere nonummy integer non velit donec,4/17/2021,6/20/2022,12132,6059,862,8382.79,35009.12,0.1422677009,3.1763088423
777,Facebook,amet nulla quisque arcu libero rutrum ac lobortis vel dapibus at diam,12/24/2022,10/29/2022,12290,3509,678,6305.35,30119.67,0.1932174409,3.7768434742
778,Facebook,ac est lacinia nisi venenatis tristique fusce congue diam id ornare imperdiet,2/21/2021,8/21/2022,34588,8324,175,6825.01,133878.21,0.0210235464,18.6158262039
779,Instagram,augue vel accumsan tellus nisi eu orci mauris lacinia sapien,4/21/2020,9/19/2022,19330,5124,189,4700.15,41590.08,0.0368852459,7.8486707871
780,Facebook,aliquet at feugiat non pretium quis lectus suspendisse potenti in eleifend,12/16/2020,5/30/2021,78978,8929,848,9216.36,29089.9,0.0949714414,2.1563328689
781,Twitter,nibh ligula nec sem duis aliquam convallis nunc proin at,1/14/2022,12/29/2022,6749,8351,168,4598.89,106309.59,0.0201173512,22.1163585126
782,Twitter,vestibulum ante ipsum primis in faucibus orci luctus et ultrices,3/23/2021,10/28/2021,45494,4518,417,2756.25,1506.37,0.0922974768,-0.4534712018
783,Instagram,at velit vivamus vel nulla eget eros elementum pellentesque quisque,9/19/2021,4/10/2020,68180,359,847,921.42,78375.69,2.3593314763,84.0596796249
784,Twitter,lacus morbi quis tortor id nulla ultrices aliquet maecenas leo odio,6/19/2021,12/5/2021,75874,8905,461,2716.49,152738.84,0.0517686693,55.2265423396
785,LinkedIn,adipiscing elit proin risus praesent lectus vestibulum quam sapien varius,8/3/2020,9/26/2021,64236,2773,658,1853.24,164217.31,0.2372881356,87.6109246509
786,Twitter,sapien non mi integer ac neque duis bibendum morbi non quam nec,10/2/2022,6/5/2022,11248,291,157,687.92,37398.33,0.5395189003,53.3643592278
787,Twitter,dapibus duis at velit eu est congue elementum in hac,5/13/2022,9/28/2021,19107,4644,208,5393.82,124368.16,0.044788975,22.0575288015
788,LinkedIn,rhoncus aliquam lacus morbi quis tortor id nulla ultrices aliquet maecenas leo,11/28/2020,8/1/2020,76973,3835,618,6868.54,45983.65,0.1611473272,5.6948216069
789,Facebook,aliquam convallis nunc proin at turpis a pede posuere nonummy integer non,12/24/2020,1/9/2020,30367,7220,642,6571.93,114074.6,0.0889196676,16.3578537812
790,LinkedIn,nonummy maecenas tincidunt lacus at velit vivamus vel nulla eget,1/7/2020,1/14/2021,91980,9324,841,1989.41,179335.23,0.0901973402,89.1449324171
791,Facebook,urna ut tellus nulla ut erat id mauris vulputate elementum nullam varius,7/22/2020,3/29/2020,27106,2353,254,9317.54,71096.08,0.1079473013,6.630348783
792,LinkedIn,nisi nam ultrices libero non mattis pulvinar nulla pede ullamcorper augue,7/17/2021,3/26/2020,80773,4729,454,6820.09,26762.78,0.0960033834,2.9241095059
793,Twitter,elit proin risus praesent lectus vestibulum quam sapien varius ut blandit non,1/28/2022,1/22/2020,36223,6655,250,4978.03,159561.52,0.03756574,31.0531455214
794,Instagram,sit amet consectetuer adipiscing elit proin interdum mauris non ligula,4/12/2022,3/5/2021,56399,7015,709,8516.2,168512.94,0.1010691376,18.7873394237
795,Twitter,non velit nec nisi vulputate nonummy maecenas tincidunt lacus at velit vivamus,1/4/2020,12/4/2022,73996,1326,893,752.89,155861.1,0.673453997,206.0170941306
796,Facebook,posuere cubilia curae mauris viverra diam vitae quam suspendisse potenti nullam porttitor,2/15/2020,8/9/2022,92865,3554,57,4579.75,13301.99,0.0160382667,1.9045231727
797,Twitter,justo in blandit ultrices enim lorem ipsum dolor sit amet,5/17/2020,3/9/2022,95142,4968,232,8463.77,159533.42,0.0466988728,17.8489786466
798,Instagram,adipiscing molestie hendrerit at vulputate vitae nisl aenean lectus pellentesque,12/7/2022,3/3/2022,15304,8816,392,9630.33,93170.24,0.0444646098,8.6746674309
799,Instagram,nisl venenatis lacinia aenean sit amet justo morbi ut odio cras mi,6/11/2022,9/18/2021,88071,747,896,1579.1,130640.8,1.1994645248,81.7311759863
800,Facebook,dui luctus rutrum nulla tellus in sagittis dui vel nisl,2/19/2020,3/26/2021,59689,5999,435,7152.6,29384.98,0.0725120853,3.1082934877
801,Twitter,habitasse platea dictumst maecenas ut massa quis augue luctus tincidunt nulla,9/7/2020,3/5/2020,22520,8082,66,630.52,162648.05,0.0081662955,256.9585897355
802,LinkedIn,tincidunt ante vel ipsum praesent blandit lacinia erat vestibulum sed,11/12/2021,7/11/2021,83656,5288,595,1430.18,39618.12,0.1125189107,26.7014921199
803,Facebook,quis tortor id nulla ultrices aliquet maecenas leo odio condimentum id,6/14/2022,2/12/2021,55067,1367,20,126.95,75483.81,0.0146305779,593.5948011028
804,LinkedIn,bibendum morbi non quam nec dui luctus rutrum nulla tellus in,11/13/2022,7/10/2020,94314,9461,391,6546.71,178488.65,0.0413275552,26.2638699438
805,Facebook,ante ipsum primis in faucibus orci luctus et ultrices posuere,8/30/2022,4/8/2020,15992,1737,117,7868.78,107596.88,0.067357513,12.6738960805
806,Facebook,nisl duis bibendum felis sed interdum venenatis turpis enim blandit mi in,5/7/2022,5/25/2021,18287,8945,24,4397.14,131481.57,0.0026830632,28.9016110472
807,Twitter,amet nunc viverra dapibus nulla suscipit ligula in lacus curabitur,11/11/2020,5/16/2020,73967,6090,550,6473.78,38089.98,0.0903119869,4.8837309887
808,Instagram,at nunc commodo placerat praesent blandit nam nulla integer pede justo,7/28/2020,9/25/2021,96163,5012,944,1077.18,104436.04,0.1883479649,95.9531925955
809,LinkedIn,sem duis aliquam convallis nunc proin at turpis a pede posuere nonummy,5/13/2020,1/26/2022,37741,3484,771,1374.62,79594.48,0.2212973594,56.9028968006
810,LinkedIn,convallis nulla neque libero convallis eget eleifend luctus ultricies eu nibh,4/10/2022,1/17/2021,25117,9705,318,676.82,159165.31,0.0327666151,234.1663810171
811,Twitter,pede justo eu massa donec dapibus duis at velit eu,4/10/2022,6/16/2022,63740,9021,495,2746.48,126860.09,0.0548719654,45.1900651015
812,Twitter,pede ac diam cras pellentesque volutpat dui maecenas tristique est,6/22/2021,11/3/2022,54562,4238,666,1501.12,123361.04,0.1571495989,81.1793327649
813,Instagram,faucibus orci luctus et ultrices posuere cubilia curae donec pharetra magna,2/8/2022,8/29/2020,41649,9069,234,938.78,77333.43,0.0258021833,81.3765205906
814,Facebook,diam erat fermentum justo nec condimentum neque sapien placerat ante,4/2/2020,9/17/2022,37526,3628,173,2334.85,110365.96,0.0476846748,46.2689723109
815,Twitter,pede justo eu massa donec dapibus duis at velit eu est,2/13/2021,7/4/2022,54679,8983,940,4905.84,113967.68,0.1046421017,22.2310226179
816,Facebook,orci nullam molestie nibh in lectus pellentesque at nulla suspendisse potenti cras,7/5/2022,6/28/2022,35327,7346,260,758.52,90308.0,0.0353934114,118.058165902
817,LinkedIn,vivamus vel nulla eget eros elementum pellentesque quisque porta volutpat erat quisque,5/3/2020,1/5/2022,57072,7075,631,1097.13,95021.49,0.0891872792,85.6091438572
818,Twitter,scelerisque quam turpis adipiscing lorem vitae mattis nibh ligula nec sem,5/15/2022,5/31/2022,35434,335,732,7132.08,174381.02,2.1850746269,23.450233312
819,LinkedIn,ante ipsum primis in faucibus orci luctus et ultrices posuere cubilia,10/23/2022,8/23/2022,16241,372,513,490.82,156993.29,1.3790322581,318.8591948168
820,Facebook,penatibus et magnis dis parturient montes nascetur ridiculus mus etiam vel,12/1/2020,12/18/2021,26718,5672,237,7237.62,130318.63,0.0417842031,17.0057297841
821,Facebook,lacinia erat vestibulum sed magna at nunc commodo placerat praesent blandit nam,10/25/2021,5/29/2022,75382,6566,664,2780.71,158516.09,0.101127018,56.0056172704
822,Instagram,semper est quam pharetra magna ac consequat metus sapien ut nunc vestibulum,9/20/2021,3/25/2021,71195,7824,954,26.54,91401.22,0.1219325153,3442.9042954032
823,LinkedIn,risus semper porta volutpat quam pede lobortis ligula sit amet,4/10/2022,1/28/2022,37498,6361,328,4961.21,96194.08,0.0515642195,18.3892377061
824,Instagram,ut ultrices vel augue vestibulum ante ipsum primis in faucibus orci luctus,1/28/2021,2/19/2022,33931,8419,491,9740.02,55070.31,0.0583204656,4.6540243244
825,LinkedIn,elementum eu interdum eu tincidunt in leo maecenas pulvinar lobortis est phasellus,10/25/2022,2/17/2020,13366,3592,671,1076.39,8230.57,0.1868040089,6.6464571391
826,Facebook,commodo vulputate justo in blandit ultrices enim lorem ipsum dolor sit,5/10/2021,9/30/2020,53471,5151,213,3601.33,80970.49,0.0413511939,21.483496375
827,Twitter,libero rutrum ac lobortis vel dapibus at diam nam tristique tortor,7/29/2020,4/7/2020,49747,7292,703,4622.58,60423.83,0.0964070214,12.0714514405
828,Twitter,nec sem duis aliquam convallis nunc proin at turpis a pede,10/24/2022,8/30/2020,26455,6205,847,1689.18,111164.52,0.1365028203,64.8097538451
829,Facebook,est et tempus semper est quam pharetra magna ac consequat metus,9/24/2020,4/15/2020,78797,850,10,5828.21,71470.47,0.0117647059,11.2628508582
830,Twitter,dis parturient montes nascetur ridiculus mus etiam vel augue vestibulum,4/30/2021,1/1/2022,40238,7761,113,8530.28,142246.45,0.0145599794,15.6754725519
831,LinkedIn,justo lacinia eget tincidunt eget tempus vel pede morbi porttitor,7/16/2021,10/16/2021,96445,6144,860,3966.57,66928.91,0.1399739583,15.8732456505
832,LinkedIn,fusce congue diam id ornare imperdiet sapien urna pretium nisl,12/19/2021,1/3/2021,65558,6453,641,6346.66,70873.52,0.0993336433,10.1670579486
833,LinkedIn,tincidunt eu felis fusce posuere felis sed lacus morbi sem mauris laoreet,6/17/2022,1/4/2020,76148,2068,861,2727.12,105737.6,0.416344294,37.7726246003
834,Twitter,sed tristique in tempus sit amet sem fusce consequat nulla nisl,7/10/2020,6/30/2021,34960,7096,58,7229.86,17589.4,0.0081736189,1.4328825178
835,Facebook,penatibus et magnis dis parturient montes nascetur ridiculus mus vivamus,6/6/2020,10/7/2020,76449,6603,310,1567.8,53361.59,0.0469483568,33.0359675979
836,Twitter,eu mi nulla ac enim in tempor turpis nec euismod scelerisque,8/5/2021,11/11/2022,99331,4275,42,1149.73,91702.19,0.0098245614,78.7597609874
837,Facebook,diam neque vestibulum eget vulputate ut ultrices vel augue vestibulum ante ipsum,7/7/2021,9/10/2021,82381,7425,741,7115.28,79845.15,0.0997979798,10.2216455291
838,LinkedIn,vivamus metus arcu adipiscing molestie hendrerit at vulputate vitae nisl,2/1/2022,7/28/2022,83431,2670,789,3928.51,85421.4,0.295505618,20.7439690875
839,Twitter,posuere felis sed lacus morbi sem mauris laoreet ut rhoncus aliquet,9/14/2022,4/22/2020,62439,3954,715,5151.5,72105.09,0.1808295397,12.9969115792
840,Instagram,vitae nisi nam ultrices libero non mattis pulvinar nulla pede,1/28/2021,1/20/2021,64649,1488,874,6150.95,108007.37,0.5873655914,16.5594615466
841,Facebook,sed tincidunt eu felis fusce posuere felis sed lacus morbi sem,7/10/2022,3/4/2020,54558,7191,798,3164.31,59619.66,0.1109720484,17.8412829337
842,Facebook,nisi at nibh in hac habitasse platea dictumst aliquam augue quam sollicitudin,3/7/2021,7/31/2022,45796,5638,182,6270.18,35276.21,0.0322809507,4.6260282799
843,Twitter,ut massa quis augue luctus tincidunt nulla mollis molestie lorem quisque ut,11/24/2022,3/26/2021,17636,9856,258,9645.61,139532.17,0.0261769481,13.4658730759
844,LinkedIn,consequat metus sapien ut nunc vestibulum ante ipsum primis in faucibus,10/29/2020,2/25/2022,26607,7218,364,3022.61,57763.37,0.0504294819,18.1104277429
845,Facebook,molestie hendrerit at vulputate vitae nisl aenean lectus pellentesque eget nunc,7/23/2022,3/6/2020,44387,1177,193,2294.65,127219.47,0.1639762107,54.4417754342
846,Facebook,quis orci nullam molestie nibh in lectus pellentesque at nulla suspendisse,10/27/2021,10/24/2020,43830,9568,527,8708.79,101442.15,0.0550794314,10.6482484938
847,Twitter,blandit nam nulla integer pede justo lacinia eget tincidunt eget tempus,5/2/2022,3/31/2022,57209,3791,879,7403.44,128910.04,0.2318649433,16.4121813643
848,Facebook,elementum in hac habitasse platea dictumst morbi vestibulum velit id,6/2/2021,8/23/2020,62141,1032,231,4249.8,83019.79,0.2238372093,18.5349875288
849,Instagram,curabitur at ipsum ac tellus semper interdum mauris ullamcorper purus sit,4/23/2020,10/26/2021,21693,9557,520,5094.62,110622.77,0.0544103798,20.7136449824
850,Facebook,in eleifend quam a odio in hac habitasse platea dictumst maecenas,3/22/2020,7/20/2022,78742,5882,242,6238.06,111569.32,0.0411424685,16.8852591992
851,Instagram,libero nam dui proin leo odio porttitor id consequat in consequat,9/28/2020,10/31/2021,23481,8181,860,3110.86,137081.34,0.1051216233,43.0654159943
852,Instagram,aliquam convallis nunc proin at turpis a pede posuere nonummy,6/20/2020,12/26/2022,93091,8653,207,1771.01,117470.14,0.0239223391,65.3294617196
853,LinkedIn,sapien cum sociis natoque penatibus et magnis dis parturient montes nascetur ridiculus,5/26/2020,12/11/2022,92312,4607,779,2640.78,26540.79,0.1690905144,9.0503601209
854,Twitter,elit proin risus praesent lectus vestibulum quam sapien varius ut blandit,8/3/2020,2/29/2020,83606,1412,778,303.36,13584.82,0.5509915014,43.7811840717
855,Instagram,massa donec dapibus duis at velit eu est congue elementum,4/4/2022,12/28/2022,3446,7671,859,6987.26,145315.65,0.1119801851,19.7972295292
856,Twitter,in felis donec semper sapien a libero nam dui proin leo odio,10/8/2022,2/17/2021,3219,4638,1,7085.02,66721.62,0.0002156102,8.4172804029
857,Twitter,auctor gravida sem praesent id massa id nisl venenatis lacinia aenean,12/2/2022,12/8/2022,27715,5959,903,3433.67,40064.66,0.1515354925,10.6681742858
858,Instagram,justo etiam pretium iaculis justo in hac habitasse platea dictumst etiam faucibus,10/30/2021,5/27/2022,74099,8740,286,1678.25,109123.87,0.0327231121,64.0224162074
859,Twitter,donec posuere metus vitae ipsum aliquam non mauris morbi non lectus,12/14/2022,6/13/2020,29595,8444,320,6883.01,42251.58,0.0378967314,5.1385324153
860,Facebook,luctus ultricies eu nibh quisque id justo sit amet sapien dignissim,5/31/2021,7/15/2022,10092,4344,615,4845.52,50030.52,0.1415745856,9.3251085539
861,LinkedIn,ac est lacinia nisi venenatis tristique fusce congue diam id ornare,2/26/2021,10/8/2021,99468,5372,751,7562.38,136166.9,0.1397989576,17.0058262082
862,LinkedIn,duis bibendum morbi non quam nec dui luctus rutrum nulla tellus,6/29/2022,1/15/2020,22225,5061,602,6452.88,93267.6,0.1189488243,13.4536393052
863,Facebook,magna at nunc commodo placerat praesent blandit nam nulla integer pede,7/13/2020,9/4/2021,63923,5670,85,6726.83,151099.66,0.0149911817,21.4622385284
864,Facebook,ligula nec sem duis aliquam convallis nunc proin at turpis a pede,11/27/2022,1/5/2021,39136,4430,480,8189.48,13737.91,0.1083521445,0.6775069968
865,LinkedIn,erat eros viverra eget congue eget semper rutrum nulla nunc purus,5/10/2022,10/7/2022,3214,8457,222,1187.39,55934.08,0.0262504434,46.1067467302
866,Facebook,ante ipsum primis in faucibus orci luctus et ultrices posuere,6/8/2022,6/26/2021,53729,8217,492,6616.48,177637.2,0.0598758671,25.8476894058
867,LinkedIn,magnis dis parturient montes nascetur ridiculus mus vivamus vestibulum sagittis sapien,1/3/2020,7/1/2021,4746,7912,419,2803.33,26221.22,0.0529575329,8.3535973289
868,Instagram,quisque id justo sit amet sapien dignissim vestibulum vestibulum ante ipsum,9/29/2021,5/17/2022,92725,1333,172,9626.17,78212.84,0.1290322581,7.1250216857
869,Twitter,eleifend donec ut dolor morbi vel lectus in quam fringilla,9/28/2022,8/18/2021,86167,6094,311,3004.34,85386.43,0.0510338037,27.4210275801
870,Facebook,sed ante vivamus tortor duis mattis egestas metus aenean fermentum,6/8/2021,8/25/2021,37124,4992,234,8179.92,38255.46,0.046875,3.6767523399
871,Facebook,id nulla ultrices aliquet maecenas leo odio condimentum id luctus nec molestie,4/16/2021,3/10/2021,14535,2001,961,6098.47,114115.18,0.4802598701,17.7120999201
872,LinkedIn,vel augue vestibulum rutrum rutrum neque aenean auctor gravida sem praesent,11/23/2021,12/22/2022,49766,3417,793,6690.74,65097.85,0.2320749195,8.7295441162
873,Instagram,pretium quis lectus suspendisse potenti in eleifend quam a odio in hac,4/22/2021,11/15/2021,44835,6953,270,4288.87,156968.81,0.0388321588,35.5991065246
874,Instagram,luctus rutrum nulla tellus in sagittis dui vel nisl duis ac,12/12/2021,10/15/2021,26988,2724,411,4472.92,103684.97,0.1508810573,22.1806001449
875,Instagram,interdum eu tincidunt in leo maecenas pulvinar lobortis est phasellus sit amet,3/1/2022,7/19/2022,41607,2158,189,4585.14,102274.06,0.0875810936,21.3055479222
876,Instagram,vitae consectetuer eget rutrum at lorem integer tincidunt ante vel,7/19/2022,9/14/2020,4576,976,585,3075.32,84153.84,0.5993852459,26.3642547767
877,Twitter,eleifend pede libero quis orci nullam molestie nibh in lectus pellentesque at,6/30/2021,5/4/2021,58936,1172,892,6833.21,13789.07,0.7610921502,1.0179491044
878,Twitter,duis bibendum felis sed interdum venenatis turpis enim blandit mi,2/26/2021,8/28/2020,28680,9538,719,3850.05,80423.13,0.0753826798,19.8888533915
879,Instagram,eget tincidunt eget tempus vel pede morbi porttitor lorem id,8/19/2020,6/7/2020,44155,3992,953,3694.74,70027.89,0.2387274549,17.9534013219
880,LinkedIn,enim blandit mi in porttitor pede justo eu massa donec dapibus duis,5/15/2022,10/25/2020,24845,1478,242,3413.16,49622.17,0.1637347767,13.5384833995
881,Instagram,lacinia nisi venenatis tristique fusce congue diam id ornare imperdiet sapien,11/10/2020,9/11/2020,41570,6365,655,705.63,144505.33,0.10290652,203.7890962686
882,LinkedIn,eget orci vehicula condimentum curabitur in libero ut massa volutpat,2/2/2022,2/5/2020,1274,9456,552,3759.46,145865.46,0.0583756345,37.7995775989
883,Facebook,sit amet nunc viverra dapibus nulla suscipit ligula in lacus,11/23/2020,3/12/2022,2622,1329,307,6892.04,148725.7,0.2310007524,20.5793437067
884,Facebook,quam pharetra magna ac consequat metus sapien ut nunc vestibulum ante ipsum,12/14/2021,10/8/2021,58132,3928,376,5127.25,29114.45,0.0957230143,4.6783753474
885,Instagram,erat eros viverra eget congue eget semper rutrum nulla nunc purus,4/12/2022,10/31/2020,13202,22,458,4460.95,47291.03,20.8181818182,9.6011118708
886,Twitter,tristique fusce congue diam id ornare imperdiet sapien urna pretium nisl ut,7/4/2021,9/10/2020,83945,4121,951,9719.09,79692.56,0.2307692308,7.1995907024
887,Instagram,in felis eu sapien cursus vestibulum proin eu mi nulla ac,10/4/2020,7/23/2022,73427,504,317,5934.66,75409.91,0.628968254,11.7066942335
888,Twitter,convallis nunc proin at turpis a pede posuere nonummy integer,6/27/2020,12/1/2020,99954,711,557,7376.59,139839.17,0.7834036568,17.9571563554
889,Instagram,et magnis dis parturient montes nascetur ridiculus mus vivamus vestibulum,5/6/2020,8/2/2022,20180,7308,497,7806.04,8310.25,0.0680076628,0.0645922901
890,Facebook,quis lectus suspendisse potenti in eleifend quam a odio in,3/23/2021,8/12/2020,86867,4808,325,1939.76,122578.95,0.0675956739,62.1928434445
891,Twitter,est risus auctor sed tristique in tempus sit amet sem,12/25/2022,11/7/2020,18686,1181,256,3505.8,11416.12,0.216765453,2.2563523304
892,Twitter,convallis duis consequat dui nec nisi volutpat eleifend donec ut dolor morbi,3/13/2021,12/2/2021,25162,9147,772,48.31,167158.0,0.0843992566,3459.1117780998
893,Facebook,donec vitae nisi nam ultrices libero non mattis pulvinar nulla pede ullamcorper,8/4/2022,9/24/2022,9996,5661,219,9869.74,74777.43,0.0386857446,6.5764336244
894,Instagram,in faucibus orci luctus et ultrices posuere cubilia curae duis,4/5/2021,9/1/2020,28519,8483,645,3835.23,162752.68,0.0760344218,41.4362241639
895,LinkedIn,quam fringilla rhoncus mauris enim leo rhoncus sed vestibulum sit amet cursus,8/14/2021,2/19/2021,2093,2410,829,6822.51,22398.76,0.3439834025,2.2830673755
896,Facebook,commodo vulputate justo in blandit ultrices enim lorem ipsum dolor sit,7/2/2020,9/16/2020,96613,5416,249,8396.17,70413.51,0.0459748892,7.3863845063
897,Twitter,egestas metus aenean fermentum donec ut mauris eget massa tempor,8/2/2021,1/24/2021,90091,9093,294,945.99,21462.87,0.0323325635,21.6882630895
898,Facebook,eleifend pede libero quis orci nullam molestie nibh in lectus pellentesque,2/7/2021,5/3/2021,82081,5884,680,5689.96,7734.59,0.1155676411,0.3593399602
899,Instagram,quam sollicitudin vitae consectetuer eget rutrum at lorem integer tincidunt,4/25/2021,1/29/2020,17657,6627,248,3890.85,173689.45,0.0374226649,43.6404898673
900,Twitter,diam erat fermentum justo nec condimentum neque sapien placerat ante nulla,7/26/2020,12/3/2022,80876,8206,612,2996.12,133464.45,0.0745795759,43.5457625195
901,LinkedIn,nulla facilisi cras non velit nec nisi vulputate nonummy maecenas,6/23/2022,4/4/2021,58667,9101,428,532.4,161356.97,0.0470277991,302.0746994741
902,Twitter,sit amet eleifend pede libero quis orci nullam molestie nibh in lectus,5/28/2020,8/1/2020,18369,1133,634,81.18,110113.14,0.559576346,1355.4072431633
903,LinkedIn,mattis egestas metus aenean fermentum donec ut mauris eget massa,5/29/2022,2/26/2020,1256,1295,633,9926.64,156884.48,0.4888030888,14.8043889977
904,LinkedIn,sem fusce consequat nulla nisl nunc nisl duis bibendum felis,6/2/2022,12/10/2022,78275,4769,948,1510.26,42263.06,0.1987838121,26.9839630262
905,Facebook,ullamcorper augue a suscipit nulla elit ac nulla sed vel,1/27/2021,6/12/2021,12928,2408,187,5221.51,78410.33,0.0776578073,14.0167920774
906,Facebook,penatibus et magnis dis parturient montes nascetur ridiculus mus etiam vel,2/5/2021,3/25/2020,48731,7649,243,4275.91,156746.53,0.0317688587,35.6580517364
907,Instagram,adipiscing elit proin interdum mauris non ligula pellentesque ultrices phasellus id,1/8/2020,8/9/2022,11091,5028,53,5669.81,132755.2,0.0105409706,22.4144001298
908,LinkedIn,nunc rhoncus dui vel sem sed sagittis nam congue risus semper,1/8/2022,5/17/2022,27947,1676,652,9929.55,113135.51,0.3890214797,10.3938204652
909,Twitter,metus aenean fermentum donec ut mauris eget massa tempor convallis,8/28/2021,4/30/2020,72486,3762,166,6041.37,106291.59,0.0441254652,16.5939546825
910,Twitter,at nibh in hac habitasse platea dictumst aliquam augue quam sollicitudin vitae,3/23/2020,6/25/2021,73128,3666,920,3875.47,49153.32,0.250954719,11.6831893938
911,Instagram,congue etiam justo etiam pretium iaculis justo in hac habitasse platea,2/9/2021,2/13/2022,21702,4822,652,8578.37,14724.21,0.1352136043,0.7164344741
912,Instagram,interdum eu tincidunt in leo maecenas pulvinar lobortis est phasellus,12/5/2022,2/7/2020,67227,6157,679,1296.47,37229.93,0.110280981,27.7163837189
913,Facebook,semper interdum mauris ullamcorper purus sit amet nulla quisque arcu libero rutrum,12/7/2022,3/20/2022,26897,8554,573,8518.14,174549.99,0.0669862053,19.4915615381
914,Twitter,nulla justo aliquam quis turpis eget elit sodales scelerisque mauris sit,6/3/2022,5/29/2021,94364,9136,141,5266.68,69508.3,0.0154334501,12.197745069
915,Facebook,velit nec nisi vulputate nonummy maecenas tincidunt lacus at velit,10/6/2020,6/3/2020,30668,9098,225,2117.34,74576.92,0.02473071,34.2219860769
916,Facebook,bibendum imperdiet nullam orci pede venenatis non sodales sed tincidunt,11/21/2021,4/7/2020,6030,1031,360,3974.96,60067.96,0.3491755577,14.1115885443
917,Instagram,nunc donec quis orci eget orci vehicula condimentum curabitur in,5/21/2022,3/16/2022,88041,9464,454,9111.09,162807.98,0.0479712595,16.8692099409
918,Twitter,metus sapien ut nunc vestibulum ante ipsum primis in faucibus orci luctus,4/13/2021,12/23/2022,6662,7027,570,8800.76,86568.99,0.0811156966,8.8365357083
919,Twitter,tincidunt eu felis fusce posuere felis sed lacus morbi sem,7/1/2020,3/19/2022,80434,5541,746,7764.58,100939.96,0.1346327378,12.0000540918
920,LinkedIn,cum sociis natoque penatibus et magnis dis parturient montes nascetur ridiculus mus,8/25/2022,9/1/2022,58195,1099,412,2335.08,62451.18,0.3748862602,25.7447710571
921,Instagram,a ipsum integer a nibh in quis justo maecenas rhoncus aliquam lacus,11/20/2020,7/15/2020,34362,745,179,7902.52,73534.76,0.2402684564,8.305229218
922,LinkedIn,sem fusce consequat nulla nisl nunc nisl duis bibendum felis sed,10/9/2020,10/5/2022,62025,9609,54,9525.04,136110.36,0.0056197315,13.2897415654
923,Instagram,ultrices libero non mattis pulvinar nulla pede ullamcorper augue a suscipit nulla,6/18/2021,6/30/2021,71771,5365,727,3383.45,42212.34,0.1355079217,11.4761234834
924,Twitter,est phasellus sit amet erat nulla tempus vivamus in felis,10/4/2022,10/26/2022,32458,4781,141,5788.01,86205.93,0.0294917381,13.8938806256
925,Instagram,vel sem sed sagittis nam congue risus semper porta volutpat quam pede,11/20/2022,4/20/2022,6103,3403,581,4045.86,60504.75,0.1707317073,13.9547315033
926,LinkedIn,tortor duis mattis egestas metus aenean fermentum donec ut mauris eget,8/30/2022,5/16/2021,60166,1646,42,9642.28,132398.49,0.0255164034,12.7310356057
927,Instagram,in hac habitasse platea dictumst etiam faucibus cursus urna ut,4/10/2020,2/7/2020,16911,8870,306,5522.24,174315.27,0.0344983089,30.5660438518
928,Instagram,amet consectetuer adipiscing elit proin risus praesent lectus vestibulum quam sapien varius,3/18/2020,8/1/2022,18324,1079,269,795.25,64041.04,0.249304912,79.5294435712
929,Facebook,accumsan felis ut at dolor quis odio consequat varius integer,12/8/2022,12/23/2021,49803,8352,602,8339.66,24216.18,0.0720785441,1.9037370828
930,Instagram,consequat dui nec nisi volutpat eleifend donec ut dolor morbi vel lectus,12/28/2022,9/1/2021,51096,3956,319,7554.08,60416.69,0.0806370071,6.9978885582
931,LinkedIn,tempus vivamus in felis eu sapien cursus vestibulum proin eu,6/21/2020,9/14/2021,43596,5299,400,5661.64,176739.0,0.0754859407,30.2169265443
932,Instagram,in felis donec semper sapien a libero nam dui proin leo,1/17/2021,11/1/2020,73554,4770,64,3485.27,25505.99,0.0134171908,6.3182249869
933,Twitter,in felis donec semper sapien a libero nam dui proin,1/22/2020,11/19/2022,97781,3965,276,328.79,144260.91,0.0696090794,437.763070653
934,Twitter,dapibus dolor vel est donec odio justo sollicitudin ut suscipit a feugiat,6/2/2021,2/7/2021,83374,1137,774,7646.15,62301.9,0.6807387863,7.1481399136
935,Instagram,ut tellus nulla ut erat id mauris vulputate elementum nullam varius nulla,6/12/2021,2/24/2022,74709,1752,800,2096.29,147046.63,0.4566210046,69.1461295908
936,Twitter,libero convallis eget eleifend luctus ultricies eu nibh quisque id justo sit,1/11/2020,10/3/2022,66820,7177,826,2850.46,113224.02,0.1150898704,38.7213151562
937,LinkedIn,erat nulla tempus vivamus in felis eu sapien cursus vestibulum proin,3/28/2020,9/15/2020,39896,9985,758,8116.09,88181.05,0.0759138708,9.8649669977
938,Facebook,amet sapien dignissim vestibulum vestibulum ante ipsum primis in faucibus orci,10/15/2022,6/2/2021,60125,7174,157,2245.37,117168.56,0.0218845832,51.1822951229
939,Twitter,orci mauris lacinia sapien quis libero nullam sit amet turpis elementum ligula,2/3/2020,11/2/2022,42161,5532,268,9424.68,33269.56,0.0484454085,2.5300466435
940,Facebook,in tempus sit amet sem fusce consequat nulla nisl nunc nisl,1/7/2021,2/3/2020,96183,7238,583,5402.49,42432.07,0.0805471125,6.8541690961
941,Instagram,pellentesque ultrices phasellus id sapien in sapien iaculis congue vivamus metus arcu,6/14/2021,8/19/2021,97661,4047,966,8896.81,41377.7,0.2386953299,3.6508467642
942,Instagram,tincidunt ante vel ipsum praesent blandit lacinia erat vestibulum sed,5/9/2022,9/2/2020,71960,9575,525,6410.37,95957.02,0.0548302872,13.9690298688
943,LinkedIn,at lorem integer tincidunt ante vel ipsum praesent blandit lacinia erat vestibulum,7/13/2021,11/17/2020,55182,7433,291,2306.54,96064.79,0.0391497377,40.6488723369
944,LinkedIn,sit amet cursus id turpis integer aliquet massa id lobortis,8/7/2021,4/12/2020,61917,50,537,7864.65,4954.16,10.74,-0.3700724126
945,LinkedIn,dapibus nulla suscipit ligula in lacus curabitur at ipsum ac,9/7/2020,11/20/2022,79823,9032,414,754.43,145787.44,0.0458370239,192.241838209
946,Twitter,lacinia aenean sit amet justo morbi ut odio cras mi,6/15/2022,9/11/2022,33615,9184,937,6742.14,71800.0,0.1020252613,9.6494377156
947,Instagram,magna ac consequat metus sapien ut nunc vestibulum ante ipsum,3/4/2022,11/23/2022,42520,1584,317,9632.99,137341.38,0.2001262626,13.2573987931
948,Facebook,lacinia aenean sit amet justo morbi ut odio cras mi pede,10/20/2021,8/26/2021,64714,983,579,2676.81,55893.73,0.5890132248,19.8807236972
949,Twitter,suspendisse potenti nullam porttitor lacus at turpis donec posuere metus vitae,3/2/2021,10/17/2020,70412,4888,718,2059.34,39224.23,0.1468903437,18.0469907835
950,LinkedIn,in magna bibendum imperdiet nullam orci pede venenatis non sodales sed tincidunt,7/13/2022,8/13/2020,11017,2990,639,5585.0,115900.25,0.2137123746,19.7520590868
951,Twitter,sem mauris laoreet ut rhoncus aliquet pulvinar sed nisl nunc rhoncus,11/27/2020,7/15/2020,69955,3665,298,285.63,123618.81,0.0813096862,431.7935090852
952,Instagram,non interdum in ante vestibulum ante ipsum primis in faucibus,5/31/2022,10/25/2021,4255,6212,278,866.35,50717.6,0.0447520927,57.5416979281
953,Twitter,in lacus curabitur at ipsum ac tellus semper interdum mauris ullamcorper purus,4/24/2021,12/21/2020,39992,4833,223,9774.21,73801.16,0.0461411132,6.5506010204
954,Instagram,enim blandit mi in porttitor pede justo eu massa donec,1/12/2021,12/21/2020,91442,6324,792,5755.63,111854.52,0.1252371917,18.4339316461
955,LinkedIn,nam congue risus semper porta volutpat quam pede lobortis ligula sit amet,6/8/2021,11/24/2022,31656,894,469,1323.6,79880.79,0.5246085011,59.3511559383
956,Instagram,ultrices posuere cubilia curae mauris viverra diam vitae quam suspendisse,6/26/2022,11/14/2022,22968,2499,396,4190.18,162154.04,0.1584633854,37.6985857409
957,LinkedIn,justo etiam pretium iaculis justo in hac habitasse platea dictumst,11/15/2020,5/19/2020,53984,5304,79,5265.67,125374.16,0.0148944193,22.8097260178
958,Twitter,lorem ipsum dolor sit amet consectetuer adipiscing elit proin risus praesent,4/9/2020,4/21/2022,52490,4964,551,6095.29,172366.31,0.1109991942,27.2786069244
959,Instagram,fusce posuere felis sed lacus morbi sem mauris laoreet ut,12/8/2020,1/3/2020,66579,8880,926,6295.8,56674.05,0.1042792793,8.0018822072
960,Twitter,aenean fermentum donec ut mauris eget massa tempor convallis nulla neque libero,7/5/2021,8/27/2020,29800,3617,495,7263.54,79263.41,0.1368537462,9.9125040958
961,Facebook,semper rutrum nulla nunc purus phasellus in felis donec semper sapien a,8/19/2020,7/9/2021,11872,4511,776,4975.12,76173.83,0.1720239415,14.3109533036
962,Instagram,odio odio elementum eu interdum eu tincidunt in leo maecenas pulvinar lobortis,5/21/2020,5/31/2020,31215,5369,604,7323.07,7006.8,0.1124976718,-0.0431881711
963,Twitter,est risus auctor sed tristique in tempus sit amet sem fusce consequat,7/4/2021,10/27/2022,88803,2622,953,7350.08,146666.35,0.3634630053,18.9543882516
964,Twitter,platea dictumst etiam faucibus cursus urna ut tellus nulla ut erat id,12/24/2021,7/27/2020,81643,5595,700,8400.71,147004.01,0.1251117069,16.498998299
965,LinkedIn,at turpis donec posuere metus vitae ipsum aliquam non mauris morbi,7/5/2020,4/4/2022,95625,7294,14,3378.05,10522.85,0.0019193858,2.1150663845
966,Facebook,in purus eu magna vulputate luctus cum sociis natoque penatibus,5/6/2020,11/5/2020,54620,3625,118,8601.51,56851.48,0.0325517241,5.6094767082
967,Facebook,blandit ultrices enim lorem ipsum dolor sit amet consectetuer adipiscing,9/8/2021,6/26/2022,45921,4411,167,3604.04,50691.61,0.0378598957,13.065218477
968,Instagram,consequat morbi a ipsum integer a nibh in quis justo maecenas,10/3/2021,4/4/2020,34625,6165,176,9146.49,54037.12,0.0285482563,4.907962508
969,Facebook,lorem vitae mattis nibh ligula nec sem duis aliquam convallis nunc,10/9/2021,11/19/2022,76273,8051,901,4006.84,70724.25,0.1119115638,16.6508794961
970,Twitter,potenti nullam porttitor lacus at turpis donec posuere metus vitae ipsum,7/19/2022,4/28/2022,60909,8500,557,5815.12,163943.8,0.0655294118,27.1926770213
971,Instagram,semper interdum mauris ullamcorper purus sit amet nulla quisque arcu libero rutrum,4/9/2022,9/13/2020,47853,1223,30,7031.82,66102.28,0.0245298446,8.4004510923
972,Instagram,massa donec dapibus duis at velit eu est congue elementum in hac,7/3/2020,12/24/2021,51641,3660,651,578.61,22335.83,0.1778688525,37.6025647673
973,Facebook,ligula vehicula consequat morbi a ipsum integer a nibh in quis justo,10/29/2020,7/22/2021,15722,2922,84,8358.39,152681.49,0.0287474333,17.2668540233
974,Facebook,at dolor quis odio consequat varius integer ac leo pellentesque ultrices,9/30/2021,12/6/2020,51075,8679,718,2656.3,40360.66,0.0827284249,14.1943154011
975,Instagram,accumsan tortor quis turpis sed ante vivamus tortor duis mattis egestas,6/22/2020,9/30/2021,24271,9802,720,5185.42,29048.17,0.0734543971,4.6018933857
976,Instagram,faucibus cursus urna ut tellus nulla ut erat id mauris vulputate,5/2/2021,7/30/2020,16225,8662,5,9411.27,68119.4,0.0005772339,6.2380667009
977,Facebook,platea dictumst aliquam augue quam sollicitudin vitae consectetuer eget rutrum at,11/28/2022,1/9/2020,31811,7657,157,1598.43,102562.15,0.0205041139,63.1643049743
978,Facebook,rutrum rutrum neque aenean auctor gravida sem praesent id massa id,12/18/2021,4/12/2020,34316,793,213,9825.11,76082.64,0.2686002522,6.7436934548
979,Instagram,augue vel accumsan tellus nisi eu orci mauris lacinia sapien quis libero,6/2/2021,8/15/2020,13791,2379,689,8989.08,16027.72,0.2896174863,0.7830211768
980,Facebook,adipiscing elit proin risus praesent lectus vestibulum quam sapien varius ut,3/7/2022,6/24/2021,61644,975,916,216.4,144263.16,0.9394871795,665.6504621072
981,LinkedIn,integer ac leo pellentesque ultrices mattis odio donec vitae nisi nam,12/20/2022,12/30/2021,7335,1807,284,5669.37,33553.92,0.1571665744,4.9184565481
982,LinkedIn,vel augue vestibulum rutrum rutrum neque aenean auctor gravida sem praesent id,11/24/2020,12/17/2020,32950,8138,191,7831.45,170142.01,0.0234701401,20.7254799558
983,Facebook,id mauris vulputate elementum nullam varius nulla facilisi cras non velit nec,1/30/2022,3/20/2022,94291,966,582,4742.57,6698.9,0.602484472,0.4125041908
984,Instagram,pulvinar sed nisl nunc rhoncus dui vel sem sed sagittis,8/2/2022,1/10/2022,43619,902,235,6528.41,135761.51,0.2605321508,19.7954938492
985,LinkedIn,suspendisse accumsan tortor quis turpis sed ante vivamus tortor duis mattis,9/21/2020,1/22/2021,24079,6136,408,3594.85,172823.08,0.0664928292,47.0751853346
986,Instagram,tortor quis turpis sed ante vivamus tortor duis mattis egestas metus,8/2/2022,7/24/2022,79095,1241,312,4169.91,97577.94,0.2514101531,22.4004906581
987,LinkedIn,cras pellentesque volutpat dui maecenas tristique est et tempus semper,6/29/2022,7/16/2020,20449,5023,945,4373.24,104451.31,0.1881345809,22.8841934127
988,Instagram,consequat ut nulla sed accumsan felis ut at dolor quis odio consequat,2/9/2020,2/4/2020,35016,4317,76,8416.56,15806.46,0.0176048182,0.8780190482
989,Facebook,ut mauris eget massa tempor convallis nulla neque libero convallis eget,12/23/2021,8/17/2022,93821,9604,43,30.82,51817.39,0.0044773011,1680.2910447761
990,Facebook,rutrum nulla nunc purus phasellus in felis donec semper sapien a libero,11/2/2022,3/24/2020,56446,7624,44,8770.44,64341.69,0.0057712487,6.33619864
991,LinkedIn,rhoncus dui vel sem sed sagittis nam congue risus semper porta,7/4/2020,8/16/2021,59443,9339,739,2921.32,147386.26,0.0791305279,49.4519395342
992,Facebook,mauris laoreet ut rhoncus aliquet pulvinar sed nisl nunc rhoncus,7/7/2021,9/17/2021,75240,1720,264,228.89,51363.37,0.1534883721,223.4019834855
993,Facebook,non quam nec dui luctus rutrum nulla tellus in sagittis dui vel,8/3/2022,6/15/2022,21611,5277,595,2135.5,15339.42,0.1127534584,6.1830578319
994,Facebook,porttitor pede justo eu massa donec dapibus duis at velit,3/31/2021,9/25/2021,70439,5002,432,8436.69,92469.37,0.0863654538,9.9603849377
995,Facebook,justo maecenas rhoncus aliquam lacus morbi quis tortor id nulla,6/25/2020,10/12/2022,195,5579,68,2763.58,25143.72,0.0121885643,8.0982421352
996,Instagram,vestibulum sagittis sapien cum sociis natoque penatibus et magnis dis,4/3/2022,4/13/2020,83292,5174,267,5488.45,46680.6,0.0516041747,7.5052428281
997,Instagram,primis in faucibus orci luctus et ultrices posuere cubilia curae duis,10/17/2021,6/6/2022,94522,85,434,4527.79,148622.33,5.1058823529,31.824475075
998,Facebook,ligula sit amet eleifend pede libero quis orci nullam molestie nibh in,9/1/2022,4/1/2022,23969,4801,884,1071.89,12874.76,0.1841283066,11.0112698131
999,Instagram,quam turpis adipiscing lorem vitae mattis nibh ligula nec sem duis,4/29/2020,7/6/2020,33088,838,435,1767.69,111157.57,0.5190930788,61.8829545905
1000,LinkedIn,aliquet maecenas leo odio condimentum id luctus nec molestie sed justo,5/15/2022,5/1/2020,54313,913,435,1163.14,143973.41,0.4764512596,122.7799491033
